<?xml version="1.0" encoding="UTF-8"?>
<!DOCTYPE html PUBLIC "-//W3C//DTD XHTML 1.0 Transitional//EN"
    "http://www.w3.org/TR/xhtml1/DTD/xhtml1-transitional.dtd">
<html xmlns="http://www.w3.org/1999/xhtml" xml:lang="en" lang="en">
 <head>
  <title>
</title>
<meta http-equiv="Content-Type" content="text/html;charset=utf-8" />
  <meta name='ocr-system' content='tesseract 3.04.00' />
  <meta name='ocr-capabilities' content='ocr_page ocr_carea ocr_par ocr_line ocrx_word'/>
</head>
<body>
  <div class='ocr_page' id='page_1' title='image "./dedumdonecquoad00laligoog_0025.png"; bbox 0 0 4752 5724; ppageno 0'>
   <div class='ocr_carea' id='block_1_1' title="bbox 457 467 499 532">
    <p class='ocr_par' dir='ltr' id='par_1_1' title="bbox 457 467 499 532">
     <span class='ocr_line' id='line_1_1' title="bbox 457 467 499 532; baseline 0 0"><span class='ocrx_word' id='word_1_1' title='bbox 457 467 499 532; x_wconf 88' lang='grc'><strong>20</strong></span> 
     </span>
    </p>
   </div>
   <div class='ocr_carea' id='block_1_2' title="bbox 407 635 2151 1215">
    <p class='ocr_par' dir='ltr' id='par_1_2' title="bbox 407 635 2151 1094">
     <span class='ocr_line' id='line_1_2' title="bbox 412 635 2146 727; baseline -0.001 -23"><span class='ocrx_word' id='word_1_2' title='bbox 412 663 488 704; x_wconf 91' lang='lat' dir='ltr'><strong>vero</strong></span> <span class='ocrx_word' id='word_1_3' title='bbox 521 639 720 726; x_wconf 81' lang='lat' dir='ltr'><strong>significatur</strong></span> <span class='ocrx_word' id='word_1_4' title='bbox 751 662 846 704; x_wconf 88' lang='lat' dir='ltr'><strong>unam</strong></span> <span class='ocrx_word' id='word_1_5' title='bbox 879 638 1039 704; x_wconf 73' lang='lat' dir='ltr'><strong>actionem</strong></span> <span class='ocrx_word' id='word_1_6' title='bbox 1072 635 1111 701; x_wconf 91' lang='lat' dir='ltr'><strong>ad</strong></span> <span class='ocrx_word' id='word_1_7' title='bbox 1145 637 1178 701; x_wconf 90' lang='lat' dir='ltr'><strong>id</strong></span> <span class='ocrx_word' id='word_1_8' title='bbox 1206 650 1334 724; x_wconf 79' lang='lat' dir='ltr'><strong>tempus</strong></span> <span class='ocrx_word' id='word_1_9' title='bbox 1362 639 1555 724; x_wconf 88' lang='lat' dir='ltr'><strong>productum</strong></span> <span class='ocrx_word' id='word_1_10' title='bbox 1583 639 1632 717; x_wconf 81' lang='lat' dir='ltr'><strong>iri,</strong></span> <span class='ocrx_word' id='word_1_11' title='bbox 1662 663 1727 726; x_wconf 87' lang='lat' dir='ltr'><strong>quo</strong></span> <span class='ocrx_word' id='word_1_12' title='bbox 1755 640 1817 703; x_wconf 87' lang='lat' dir='ltr'><strong>alia</strong></span> <span class='ocrx_word' id='word_1_13' title='bbox 1844 640 1928 704; x_wconf 87' lang='lat' dir='ltr'><strong>actio</strong></span> <span class='ocrx_word' id='word_1_14' title='bbox 1956 639 2146 727; x_wconf 87' lang='lat' dir='ltr'><strong>perficiatur.</strong></span> 
     </span>
     <span class='ocr_line' id='line_1_3' title="bbox 412 759 2151 849; baseline -0.001 -23"><span class='ocrx_word' id='word_1_15' title='bbox 412 761 513 846; x_wconf 74' lang='lat' dir='ltr'><strong>Cujus</strong></span> <span class='ocrx_word' id='word_1_16' title='bbox 540 785 615 826; x_wconf 82' lang='lat' dir='ltr'><strong>uena</strong></span> <span class='ocrx_word' id='word_1_17' title='bbox 643 762 773 826; x_wconf 86' lang='lat' dir='ltr'><strong>afferam</strong></span> <span class='ocrx_word' id='word_1_18' title='bbox 802 762 1045 826; x_wconf 81' lang='lat' dir='ltr'><strong>celeberrimum</strong></span> <span class='ocrx_word' id='word_1_19' title='bbox 1068 759 1151 824; x_wconf 89' lang='lat' dir='ltr'><strong>illud</strong></span> <span class='ocrx_word' id='word_1_20' title='bbox 1175 761 1371 846; x_wconf 86' lang='lat' dir='ltr'><strong>exemplum,</strong></span> <span class='ocrx_word' id='word_1_21' title='bbox 1395 760 1481 846; x_wconf 92' lang='lat' dir='ltr'><strong>quod</strong></span> <span class='ocrx_word' id='word_1_22' title='bbox 1505 761 1669 825; x_wconf 89' lang='lat' dir='ltr'><strong>invenitur</strong></span> <span class='ocrx_word' id='word_1_23' title='bbox 1691 761 1789 847; x_wconf 84' lang='lat' dir='ltr'><strong>Verg.</strong></span> <span class='ocrx_word' id='word_1_24' title='bbox 1815 761 1875 826; x_wconf 84' lang='lat' dir='ltr'><strong>En.</strong></span> <span class='ocrx_word' id='word_1_25' title='bbox 1900 762 1915 825; x_wconf 95' lang='grc' dir='ltr'>Ι</span> <span class='ocrx_word' id='word_1_26' title='bbox 1940 763 2004 848; x_wconf 37' lang='grc'><strong>2173</strong></span> <span class='ocrx_word' id='word_1_27' title='bbox 2028 784 2074 849; x_wconf 84' lang='lat' dir='ltr'><strong>eq.</strong></span> <span class='ocrx_word' id='word_1_28' title='bbox 2100 761 2151 824; x_wconf 75' lang='lat' dir='ltr'><strong>hie</strong></span> 
     </span>
     <span class='ocr_line' id='line_1_4' title="bbox 407 882 2148 970; baseline -0.001 -23"><span class='ocrx_word' id='word_1_29' title='bbox 407 886 479 970; x_wconf 83' lang='lat' dir='ltr'><strong>jam</strong></span> <span class='ocrx_word' id='word_1_30' title='bbox 504 897 551 948; x_wconf 82' lang='lat' dir='ltr'><strong>ter</strong></span> <span class='ocrx_word' id='word_1_31' title='bbox 573 897 694 948; x_wconf 79' lang='lat' dir='ltr'><strong>centum</strong></span> <span class='ocrx_word' id='word_1_32' title='bbox 719 897 799 948; x_wconf 83' lang='lat' dir='ltr'><strong>totoe</strong></span> <span class='ocrx_word' id='word_1_33' title='bbox 822 885 1008 970; x_wconf 71' lang='lat' dir='ltr'><strong>reperebitur</strong></span> <span class='ocrx_word' id='word_1_34' title='bbox 1030 907 1129 948; x_wconf 76' lang='lat' dir='ltr'><strong>canoa</strong></span> <span class='ocrx_word' id='word_1_35' title='bbox 1150 894 1241 967; x_wconf 73' lang='lat' dir='ltr'><strong>pente</strong></span> <span class='ocrx_word' id='word_1_36' title='bbox 1263 884 1320 947; x_wconf 79' lang='lat' dir='ltr'><strong>aab</strong></span> <span class='ocrx_word' id='word_1_37' title='bbox 1343 882 1511 960; x_wconf 77' lang='lat' dir='ltr'><strong>Hectorea,</strong></span> <span class='ocrx_word' id='word_1_38' title='bbox 1536 886 1634 947; x_wconf 83' lang='lat' dir='ltr'><strong>donee</strong></span> <span class='ocrx_word' id='word_1_39' title='bbox 1650 887 1761 968; x_wconf 73' lang='lat' dir='ltr'><strong>reqina</strong></span> <span class='ocrx_word' id='word_1_40' title='bbox 1776 886 1931 960; x_wconf 72' lang='lat' dir='ltr'><strong>recordor,</strong></span> <span class='ocrx_word' id='word_1_41' title='bbox 1947 885 2055 947; x_wconf 81' lang='lat' dir='ltr'><strong>Marte</strong></span> <span class='ocrx_word' id='word_1_42' title='bbox 2069 907 2148 969; x_wconf 75' lang='lat' dir='ltr'><strong>pra-</strong></span> 
     </span>
     <span class='ocr_line' id='line_1_5' title="bbox 411 1005 2148 1094; baseline 0 -24"><span class='ocrx_word' id='word_1_43' title='bbox 411 1011 468 1083; x_wconf 80' lang='lat' dir='ltr'><strong>uie,</strong></span> <span class='ocrx_word' id='word_1_44' title='bbox 490 1010 648 1093; x_wconf 69' lang='lat' dir='ltr'><strong>pominom</strong></span> <span class='ocrx_word' id='word_1_45' title='bbox 667 1020 768 1094; x_wconf 80' lang='lat' dir='ltr'><strong>partu</strong></span> <span class='ocrx_word' id='word_1_46' title='bbox 792 1008 881 1071; x_wconf 78' lang='lat' dir='ltr'><strong>dabit</strong></span> <span class='ocrx_word' id='word_1_47' title='bbox 905 1007 971 1070; x_wconf 84' lang='lat' dir='ltr'><strong>Ilio</strong></span> <span class='ocrx_word' id='word_1_48' title='bbox 982 1007 1119 1092; x_wconf 77' lang='lat' dir='ltr'><strong>prolem,</strong></span> <span class='ocrx_word' id='word_1_49' title='bbox 1136 1005 1243 1091; x_wconf 87' lang='lat' dir='ltr'><strong>qualia</strong></span> <span class='ocrx_word' id='word_1_50' title='bbox 1258 1007 1408 1092; x_wconf 86' lang='lat' dir='ltr'><strong>exempla</strong></span> <span class='ocrx_word' id='word_1_51' title='bbox 1422 1019 1528 1069; x_wconf 86' lang='lat' dir='ltr'><strong>tamen</strong></span> <span class='ocrx_word' id='word_1_52' title='bbox 1545 1005 1630 1092; x_wconf 92' lang='lat' dir='ltr'><strong>apud</strong></span> <span class='ocrx_word' id='word_1_53' title='bbox 1647 1005 1835 1069; x_wconf 79' lang='lat' dir='ltr'><strong>Terentium</strong></span> <span class='ocrx_word' id='word_1_54' title='bbox 1851 1029 1915 1069; x_wconf 92' lang='lat' dir='ltr'><strong>non</strong></span> <span class='ocrx_word' id='word_1_55' title='bbox 1932 1007 2148 1070; x_wconf 86' lang='lat' dir='ltr'><strong>inveniuntur.</strong></span> 
     </span>
    </p>

    <p class='ocr_par' dir='ltr' id='par_1_3' title="bbox 517 1126 2147 1215">
     <span class='ocr_line' id='line_1_6' title="bbox 517 1126 2147 1215; baseline -0.002 -21"><span class='ocrx_word' id='word_1_56' title='bbox 517 1130 631 1194; x_wconf 87' lang='lat' dir='ltr'><strong>Altera</strong></span> <span class='ocrx_word' id='word_1_57' title='bbox 658 1141 765 1194; x_wconf 86' lang='lat' dir='ltr'><strong>autem</strong></span> <span class='ocrx_word' id='word_1_58' title='bbox 794 1141 843 1193; x_wconf 82' lang='lat' dir='ltr'><strong>eet</strong></span> <span class='ocrx_word' id='word_1_59' title='bbox 870 1127 1000 1192; x_wconf 88' lang='lat' dir='ltr'><strong>dicendi</strong></span> <span class='ocrx_word' id='word_1_60' title='bbox 1028 1128 1119 1205; x_wconf 88' lang='lat' dir='ltr'><strong>ratio,</strong></span> <span class='ocrx_word' id='word_1_61' title='bbox 1148 1150 1247 1213; x_wconf 90' lang='lat' dir='ltr'><strong>quum</strong></span> <span class='ocrx_word' id='word_1_62' title='bbox 1275 1128 1309 1191; x_wconf 93' lang='lat' dir='ltr'><strong>in</strong></span> <span class='ocrx_word' id='word_1_63' title='bbox 1333 1126 1584 1192; x_wconf 80' lang='lat' dir='ltr'><strong>demonstrativo</strong></span> <span class='ocrx_word' id='word_1_64' title='bbox 1607 1129 1750 1192; x_wconf 89' lang='lat' dir='ltr'><strong>membro</strong></span> <span class='ocrx_word' id='word_1_65' title='bbox 1773 1128 1919 1191; x_wconf 87' lang='lat' dir='ltr'><strong>futurum</strong></span> <span class='ocrx_word' id='word_1_66' title='bbox 1942 1129 2091 1215; x_wconf 87' lang='lat' dir='ltr'><strong>primum.</strong></span> <span class='ocrx_word' id='word_1_67' title='bbox 2116 1129 2147 1191; x_wconf 92' lang='lat' dir='ltr'><strong>in</strong></span> 
     </span>
    </p>
   </div>
   <div class='ocr_carea' id='block_1_3' title="bbox 409 1241 2150 1338">
    <p class='ocr_par' dir='ltr' id='par_1_4' title="bbox 409 1241 2150 1338">
     <span class='ocr_line' id='line_1_7' title="bbox 409 1241 2150 1338; baseline -0.002 -21"><span class='ocrx_word' id='word_1_68' title='bbox 409 1251 544 1317; x_wconf 85' lang='lat' dir='ltr'><strong>relativo</strong></span> <span class='ocrx_word' id='word_1_69' title='bbox 567 1252 711 1316; x_wconf 88' lang='lat' dir='ltr'><strong>membro</strong></span> <span class='ocrx_word' id='word_1_70' title='bbox 735 1252 855 1338; x_wconf 85' lang='lat' dir='ltr'><strong>legitur</strong></span> <span class='ocrx_word' id='word_1_71' title='bbox 877 1251 1021 1315; x_wconf 87' lang='lat' dir='ltr'><strong>futurum</strong></span> <span class='ocrx_word' id='word_1_72' title='bbox 1045 1261 1203 1314; x_wconf 85' lang='lat' dir='ltr'><strong>exactum.</strong></span> <span class='ocrx_word' id='word_1_73' title='bbox 1250 1249 1301 1313; x_wconf 88' lang='lat' dir='ltr'><strong>Ita</strong></span> <span class='ocrx_word' id='word_1_74' title='bbox 1322 1273 1399 1314; x_wconf 88' lang='lat' dir='ltr'><strong>vero</strong></span> <span class='ocrx_word' id='word_1_75' title='bbox 1422 1241 1582 1314; x_wconf 81' lang='lat' dir='ltr'><strong>indicatur</strong></span> <span class='ocrx_word' id='word_1_76' title='bbox 1604 1272 1700 1314; x_wconf 87' lang='lat' dir='ltr'><strong>unam</strong></span> <span class='ocrx_word' id='word_1_77' title='bbox 1724 1251 1883 1314; x_wconf 79' lang='lat' dir='ltr'><strong>actionem</strong></span> <span class='ocrx_word' id='word_1_78' title='bbox 1908 1249 1947 1313; x_wconf 94' lang='lat' dir='ltr'><strong>ad</strong></span> <span class='ocrx_word' id='word_1_79' title='bbox 1967 1249 2001 1313; x_wconf 94' lang='lat' dir='ltr'><strong>id</strong></span> <span class='ocrx_word' id='word_1_80' title='bbox 2023 1264 2150 1337; x_wconf 80' lang='lat' dir='ltr'><strong>tempus</strong></span> 
     </span>
    </p>
   </div>
   <div class='ocr_carea' id='block_1_4' title="bbox 407 1371 2150 3054">
    <p class='ocr_par' dir='ltr' id='par_1_5' title="bbox 409 1371 2150 2073">
     <span class='ocr_line' id='line_1_8' title="bbox 409 1371 2148 1461; baseline -0.001 -23"><span class='ocrx_word' id='word_1_81' title='bbox 409 1373 602 1461; x_wconf 86' lang='lat' dir='ltr'><strong>productum</strong></span> <span class='ocrx_word' id='word_1_82' title='bbox 625 1374 675 1451; x_wconf 83' lang='lat' dir='ltr'><strong>iri,</strong></span> <span class='ocrx_word' id='word_1_83' title='bbox 700 1397 764 1460; x_wconf 92' lang='lat' dir='ltr'><strong>quo</strong></span> <span class='ocrx_word' id='word_1_84' title='bbox 788 1373 850 1437; x_wconf 87' lang='lat' dir='ltr'><strong>alia</strong></span> <span class='ocrx_word' id='word_1_85' title='bbox 872 1373 955 1437; x_wconf 91' lang='lat' dir='ltr'><strong>actio</strong></span> <span class='ocrx_word' id='word_1_86' title='bbox 975 1374 1043 1457; x_wconf 82' lang='lat' dir='ltr'><strong>jam</strong></span> <span class='ocrx_word' id='word_1_87' title='bbox 1066 1373 1212 1459; x_wconf 85' lang='lat' dir='ltr'><strong>perfecta</strong></span> <span class='ocrx_word' id='word_1_88' title='bbox 1234 1372 1284 1437; x_wconf 80' lang='lat' dir='ltr'><strong>eit.</strong></span> <span class='ocrx_word' id='word_1_89' title='bbox 1332 1371 1433 1457; x_wconf 80' lang='lat' dir='ltr'><strong>Cujus</strong></span> <span class='ocrx_word' id='word_1_90' title='bbox 1456 1395 1532 1437; x_wconf 84' lang='lat' dir='ltr'><strong>ueua</strong></span> <span class='ocrx_word' id='word_1_91' title='bbox 1552 1372 1616 1436; x_wconf 92' lang='lat' dir='ltr'><strong>duo</strong></span> <span class='ocrx_word' id='word_1_92' title='bbox 1634 1374 1784 1459; x_wconf 86' lang='lat' dir='ltr'><strong>exempla</strong></span> <span class='ocrx_word' id='word_1_93' title='bbox 1798 1372 2005 1436; x_wconf 87' lang='lat' dir='ltr'><strong>inveniuntur</strong></span> <span class='ocrx_word' id='word_1_94' title='bbox 2020 1372 2148 1436; x_wconf 88' lang='lat' dir='ltr'><strong>Phorm.</strong></span> 
     </span>
     <span class='ocr_line' id='line_1_9' title="bbox 409 1493 2149 1582; baseline 0 -22"><span class='ocrx_word' id='word_1_95' title='bbox 409 1497 474 1560; x_wconf 83' lang='lat'><strong>419</strong></span> <span class='ocrx_word' id='word_1_96' title='bbox 499 1500 596 1560; x_wconf 80' lang='lat' dir='ltr'><strong>immo</strong></span> <span class='ocrx_word' id='word_1_97' title='bbox 620 1496 707 1559; x_wconf 74' lang='lat' dir='ltr'><strong>haud</strong></span> <span class='ocrx_word' id='word_1_98' title='bbox 730 1498 880 1572; x_wconf 76' lang='lat' dir='ltr'><strong>decinam,</strong></span> <span class='ocrx_word' id='word_1_99' title='bbox 906 1497 1003 1559; x_wconf 78' lang='lat' dir='ltr'><strong>donec</strong></span> <span class='ocrx_word' id='word_1_100' title='bbox 1021 1496 1190 1582; x_wconf 78' lang='lat' dir='ltr'><strong><em>perfecero</em></strong></span> <span class='ocrx_word' id='word_1_101' title='bbox 1215 1493 1281 1559; x_wconf 71' lang='lat' dir='ltr'><strong>hoc.</strong></span> <span class='ocrx_word' id='word_1_102' title='bbox 1306 1494 1385 1559; x_wconf 89' lang='lat' dir='ltr'><strong>ibid.</strong></span> <span class='ocrx_word' id='word_1_103' title='bbox 1411 1496 1474 1560; x_wconf 83' lang='lat'><strong>589</strong></span> <span class='ocrx_word' id='word_1_104' title='bbox 1499 1518 1598 1582; x_wconf 76' lang='lat' dir='ltr'><strong>raeque</strong></span> <span class='ocrx_word' id='word_1_105' title='bbox 1622 1496 1794 1582; x_wconf 74' lang='lat' dir='ltr'><strong>defetiscar</strong></span> <span class='ocrx_word' id='word_1_106' title='bbox 1816 1519 1913 1582; x_wconf 69' lang='lat' dir='ltr'><strong>unque</strong></span> <span class='ocrx_word' id='word_1_107' title='bbox 1928 1498 2007 1559; x_wconf 83' lang='lat' dir='ltr'><strong>adeo</strong></span> <span class='ocrx_word' id='word_1_108' title='bbox 2024 1498 2149 1582; x_wconf 75' lang='lat' dir='ltr'><strong>caperi-</strong></span> 
     </span>
     <span class='ocr_line' id='line_1_10' title="bbox 409 1617 2149 1705; baseline 0 -23"><span class='ocrx_word' id='word_1_109' title='bbox 409 1621 484 1696; x_wconf 81' lang='lat' dir='ltr'><strong>rier,</strong></span> <span class='ocrx_word' id='word_1_110' title='bbox 514 1622 612 1684; x_wconf 69' lang='lat' dir='ltr'><strong>dorice</strong></span> <span class='ocrx_word' id='word_1_111' title='bbox 633 1620 699 1682; x_wconf 37' lang='lat' dir='ltr'><strong>*titi</strong></span> <span class='ocrx_word' id='word_1_112' title='bbox 725 1620 762 1683; x_wconf 80' lang='lat' dir='ltr'><strong>id</strong></span> <span class='ocrx_word' id='word_1_113' title='bbox 789 1620 876 1705; x_wconf 82' lang='lat' dir='ltr'><strong>quod</strong></span> <span class='ocrx_word' id='word_1_114' title='bbox 897 1618 1064 1705; x_wconf 70' lang='lat' dir='ltr'><em>pollicitus</em></span> <span class='ocrx_word' id='word_1_115' title='bbox 1091 1641 1160 1681; x_wconf 77' lang='lat' dir='ltr'><strong>aum</strong></span> <span class='ocrx_word' id='word_1_116' title='bbox 1188 1619 1328 1704; x_wconf 81' lang='lat' dir='ltr'><strong>effecere.</strong></span> <span class='ocrx_word' id='word_1_117' title='bbox 1375 1620 1407 1680; x_wconf 92' lang='lat' dir='ltr'><strong>A</strong></span> <span class='ocrx_word' id='word_1_118' title='bbox 1435 1641 1499 1704; x_wconf 93' lang='lat' dir='ltr'><strong>quo</strong></span> <span class='ocrx_word' id='word_1_119' title='bbox 1522 1641 1583 1682; x_wconf 82' lang='lat' dir='ltr'><strong>usu</strong></span> <span class='ocrx_word' id='word_1_120' title='bbox 1606 1641 1644 1682; x_wconf 84' lang='lat' dir='ltr'><strong>ea</strong></span> <span class='ocrx_word' id='word_1_121' title='bbox 1666 1617 1796 1682; x_wconf 88' lang='lat' dir='ltr'><strong>dicendi</strong></span> <span class='ocrx_word' id='word_1_122' title='bbox 1819 1618 1900 1682; x_wconf 85' lang='lat' dir='ltr'><strong>ratio</strong></span> <span class='ocrx_word' id='word_1_123' title='bbox 1922 1641 1988 1682; x_wconf 91' lang='lat' dir='ltr'><strong>non</strong></span> <span class='ocrx_word' id='word_1_124' title='bbox 2011 1620 2149 1683; x_wconf 87' lang='lat' dir='ltr'><strong>multum</strong></span> 
     </span>
     <span class='ocr_line' id='line_1_11' title="bbox 412 1739 2150 1828; baseline -0.001 -23"><span class='ocrx_word' id='word_1_125' title='bbox 412 1741 522 1807; x_wconf 83' lang='lat' dir='ltr'><strong>abeaee</strong></span> <span class='ocrx_word' id='word_1_126' title='bbox 545 1740 683 1819; x_wconf 86' lang='lat' dir='ltr'><strong>videtur,</strong></span> <span class='ocrx_word' id='word_1_127' title='bbox 709 1763 808 1828; x_wconf 87' lang='lat' dir='ltr'><strong>quum</strong></span> <span class='ocrx_word' id='word_1_128' title='bbox 831 1741 864 1804; x_wconf 92' lang='lat' dir='ltr'><strong>in</strong></span> <span class='ocrx_word' id='word_1_129' title='bbox 889 1740 1139 1805; x_wconf 81' lang='lat' dir='ltr'><strong>demonstrativo</strong></span> <span class='ocrx_word' id='word_1_130' title='bbox 1157 1739 1301 1803; x_wconf 91' lang='lat' dir='ltr'><strong>membro</strong></span> <span class='ocrx_word' id='word_1_131' title='bbox 1317 1739 1437 1826; x_wconf 78' lang='lat' dir='ltr'><strong>legitur</strong></span> <span class='ocrx_word' id='word_1_132' title='bbox 1455 1739 1649 1805; x_wconf 79' lang='lat' dir='ltr'><strong>indicativus</strong></span> <span class='ocrx_word' id='word_1_133' title='bbox 1664 1741 1838 1827; x_wconf 69' lang='lat' dir='ltr'><strong>praesentia,</strong></span> <span class='ocrx_word' id='word_1_134' title='bbox 1856 1764 1925 1826; x_wconf 80' lang='lat' dir='ltr'><strong>quae</strong></span> <span class='ocrx_word' id='word_1_135' title='bbox 1941 1740 2030 1805; x_wconf 90' lang='lat' dir='ltr'><strong>verbi</strong></span> <span class='ocrx_word' id='word_1_136' title='bbox 2046 1741 2150 1807; x_wconf 88' lang='lat' dir='ltr'><strong>forma</strong></span> 
     </span>
     <span class='ocr_line' id='line_1_12' title="bbox 409 1861 2150 1952; baseline 0.001 -24"><span class='ocrx_word' id='word_1_137' title='bbox 409 1865 499 1951; x_wconf 76' lang='lat' dir='ltr'><strong>quani</strong></span> <span class='ocrx_word' id='word_1_138' title='bbox 527 1863 685 1952; x_wconf 86' lang='lat' dir='ltr'><strong>quandam</strong></span> <span class='ocrx_word' id='word_1_139' title='bbox 713 1863 878 1928; x_wconf 87' lang='lat' dir='ltr'><strong>notionem</strong></span> <span class='ocrx_word' id='word_1_140' title='bbox 906 1862 1007 1926; x_wconf 86' lang='lat' dir='ltr'><strong>futuri</strong></span> <span class='ocrx_word' id='word_1_141' title='bbox 1035 1861 1197 1926; x_wconf 89' lang='lat' dir='ltr'><strong>interdum</strong></span> <span class='ocrx_word' id='word_1_142' title='bbox 1225 1861 1342 1926; x_wconf 88' lang='lat' dir='ltr'><strong>habere</strong></span> <span class='ocrx_word' id='word_1_143' title='bbox 1365 1862 1503 1940; x_wconf 84' lang='lat' dir='ltr'><strong>videtur,</strong></span> <span class='ocrx_word' id='word_1_144' title='bbox 1532 1875 1569 1926; x_wconf 93' lang='lat' dir='ltr'><strong>ut</strong></span> <span class='ocrx_word' id='word_1_145' title='bbox 1596 1862 1738 1950; x_wconf 89' lang='lat' dir='ltr'><strong>Adelph.</strong></span> <span class='ocrx_word' id='word_1_146' title='bbox 1768 1864 1830 1927; x_wconf 93' lang='grc'><strong>717</strong></span> <span class='ocrx_word' id='word_1_147' title='bbox 1861 1887 1944 1926; x_wconf 81' lang='lat' dir='ltr'><strong>aune</strong></span> <span class='ocrx_word' id='word_1_148' title='bbox 1966 1887 2038 1928; x_wconf 80' lang='lat' dir='ltr'><strong>vero</strong></span> <span class='ocrx_word' id='word_1_149' title='bbox 2062 1867 2150 1929; x_wconf 83' lang='lat' dir='ltr'><strong>domi</strong></span> 
     </span>
     <span class='ocr_line' id='line_1_13' title="bbox 410 1987 1175 2073; baseline -0.004 -22"><span class='ocrx_word' id='word_1_150' title='bbox 410 1999 528 2051; x_wconf 78' lang='lat' dir='ltr'><strong>certum</strong></span> <span class='ocrx_word' id='word_1_151' title='bbox 552 1988 694 2051; x_wconf 71' lang='lat' dir='ltr'><strong>obsidere</strong></span> <span class='ocrx_word' id='word_1_152' title='bbox 716 1997 759 2050; x_wconf 84' lang='lat' dir='ltr'><strong>eet</strong></span> <span class='ocrx_word' id='word_1_153' title='bbox 781 2009 889 2073; x_wconf 80' lang='lat' dir='ltr'><strong>oeque,</strong></span> <span class='ocrx_word' id='word_1_154' title='bbox 914 1988 1012 2050; x_wconf 75' lang='lat' dir='ltr'><strong>donec</strong></span> <span class='ocrx_word' id='word_1_155' title='bbox 1034 1987 1175 2049; x_wconf 79' lang='lat' dir='ltr'><strong>redierit.</strong></span> 
     </span>
    </p>

    <p class='ocr_par' dir='ltr' id='par_1_6' title="bbox 408 2106 2148 2442">
     <span class='ocr_line' id='line_1_14' title="bbox 514 2106 2147 2196; baseline -0.001 -23"><span class='ocrx_word' id='word_1_156' title='bbox 514 2109 602 2174; x_wconf 84' lang='lat' dir='ltr'><strong>Adn.</strong></span> <span class='ocrx_word' id='word_1_157' title='bbox 628 2111 657 2173; x_wconf 95' lang='lat'><strong>1.</strong></span> <span class='ocrx_word' id='word_1_158' title='bbox 703 2109 808 2173; x_wconf 91' lang='lat' dir='ltr'><strong>Nemo</strong></span> <span class='ocrx_word' id='word_1_159' title='bbox 831 2109 959 2196; x_wconf 83' lang='lat' dir='ltr'><strong>ignorat</strong></span> <span class='ocrx_word' id='word_1_160' title='bbox 981 2107 1085 2172; x_wconf 91' lang='lat' dir='ltr'><strong>donec</strong></span> <span class='ocrx_word' id='word_1_161' title='bbox 1108 2107 1297 2195; x_wconf 82' lang='lat' dir='ltr'><strong>particulam</strong></span> <span class='ocrx_word' id='word_1_162' title='bbox 1322 2130 1360 2171; x_wconf 91' lang='lat' dir='ltr'><strong>ea</strong></span> <span class='ocrx_word' id='word_1_163' title='bbox 1379 2107 1522 2184; x_wconf 88' lang='lat' dir='ltr'><strong>notione,</strong></span> <span class='ocrx_word' id='word_1_164' title='bbox 1539 2106 1579 2170; x_wconf 87' lang='lat' dir='ltr'><strong>de</strong></span> <span class='ocrx_word' id='word_1_165' title='bbox 1597 2130 1660 2194; x_wconf 90' lang='lat' dir='ltr'><strong>qua</strong></span> <span class='ocrx_word' id='word_1_166' title='bbox 1674 2130 1759 2170; x_wconf 89' lang='lat' dir='ltr'><strong>nunc</strong></span> <span class='ocrx_word' id='word_1_167' title='bbox 1776 2107 1890 2194; x_wconf 82' lang='lat' dir='ltr'><strong>agitur,</strong></span> <span class='ocrx_word' id='word_1_168' title='bbox 1907 2130 2147 2194; x_wconf 88' lang='lat' dir='ltr'><strong>nonnumquam</strong></span> 
     </span>
     <span class='ocr_line' id='line_1_15' title="bbox 408 2228 2148 2318; baseline 0 -23"><span class='ocrx_word' id='word_1_169' title='bbox 408 2254 482 2295; x_wconf 88' lang='lat' dir='ltr'><strong>cum</strong></span> <span class='ocrx_word' id='word_1_170' title='bbox 514 2232 722 2317; x_wconf 83' lang='lat' dir='ltr'><strong>conjunctivo</strong></span> <span class='ocrx_word' id='word_1_171' title='bbox 755 2232 910 2318; x_wconf 84' lang='lat' dir='ltr'><strong>conjungi</strong></span> <span class='ocrx_word' id='word_1_172' title='bbox 942 2253 1037 2318; x_wconf 78' lang='lat' dir='ltr'><strong>posse</strong></span> <span class='ocrx_word' id='word_1_173' title='bbox 1069 2231 1123 2308; x_wconf 84' lang='lat' dir='ltr'><strong>ita,</strong></span> <span class='ocrx_word' id='word_1_174' title='bbox 1157 2242 1194 2294; x_wconf 84' lang='lat' dir='ltr'><strong>ut</strong></span> <span class='ocrx_word' id='word_1_175' title='bbox 1225 2228 1388 2316; x_wconf 78' lang='lat' dir='ltr'><strong>significet</strong></span> <span class='ocrx_word' id='word_1_176' title='bbox 1414 2229 1554 2315; x_wconf 86' lang='lat' dir='ltr'><strong>aliquem</strong></span> <span class='ocrx_word' id='word_1_177' title='bbox 1583 2229 1717 2293; x_wconf 78' lang='lat' dir='ltr'><strong>coneilio</strong></span> <span class='ocrx_word' id='word_1_178' title='bbox 1746 2229 1868 2316; x_wconf 87' lang='lat' dir='ltr'><strong>aliquid</strong></span> <span class='ocrx_word' id='word_1_179' title='bbox 1896 2229 2013 2308; x_wconf 87' lang='lat' dir='ltr'><strong>facere,</strong></span> <span class='ocrx_word' id='word_1_180' title='bbox 2043 2229 2148 2317; x_wconf 86' lang='lat' dir='ltr'><strong>qualia</strong></span> 
     </span>
     <span class='ocr_line' id='line_1_16' title="bbox 409 2353 1337 2442; baseline -0.004 -23"><span class='ocrx_word' id='word_1_181' title='bbox 409 2355 559 2442; x_wconf 86' lang='lat' dir='ltr'><strong>exempla</strong></span> <span class='ocrx_word' id='word_1_182' title='bbox 580 2368 687 2420; x_wconf 88' lang='lat' dir='ltr'><strong>tamen</strong></span> <span class='ocrx_word' id='word_1_183' title='bbox 711 2353 796 2442; x_wconf 89' lang='lat' dir='ltr'><strong>apud</strong></span> <span class='ocrx_word' id='word_1_184' title='bbox 820 2354 1009 2418; x_wconf 85' lang='lat' dir='ltr'><strong>Terentium</strong></span> <span class='ocrx_word' id='word_1_185' title='bbox 1031 2377 1097 2418; x_wconf 91' lang='lat' dir='ltr'><strong>non</strong></span> <span class='ocrx_word' id='word_1_186' title='bbox 1120 2353 1337 2416; x_wconf 83' lang='lat' dir='ltr'><strong>inveniuntur.</strong></span> 
     </span>
    </p>

    <p class='ocr_par' dir='ltr' id='par_1_7' title="bbox 407 2474 2148 3054">
     <span class='ocr_line' id='line_1_17' title="bbox 514 2474 2146 2564; baseline -0.001 -23"><span class='ocrx_word' id='word_1_187' title='bbox 514 2476 602 2541; x_wconf 84' lang='lat' dir='ltr'><strong>Adn.</strong></span> <span class='ocrx_word' id='word_1_188' title='bbox 628 2480 657 2542; x_wconf 89' lang='grc'><strong>2.</strong></span> <span class='ocrx_word' id='word_1_189' title='bbox 704 2477 779 2542; x_wconf 82' lang='lat' dir='ltr'><strong>Jam</strong></span> <span class='ocrx_word' id='word_1_190' title='bbox 807 2499 910 2564; x_wconf 81' lang='lat' dir='ltr'><strong>supra,</strong></span> <span class='ocrx_word' id='word_1_191' title='bbox 941 2499 1040 2564; x_wconf 89' lang='lat' dir='ltr'><strong>quum</strong></span> <span class='ocrx_word' id='word_1_192' title='bbox 1069 2476 1102 2540; x_wconf 93' lang='lat' dir='ltr'><strong>in</strong></span> <span class='ocrx_word' id='word_1_193' title='bbox 1131 2475 1208 2539; x_wconf 90' lang='lat' dir='ltr'><strong>dum</strong></span> <span class='ocrx_word' id='word_1_194' title='bbox 1236 2474 1393 2560; x_wconf 81' lang='lat' dir='ltr'><strong>particula</strong></span> <span class='ocrx_word' id='word_1_195' title='bbox 1419 2474 1583 2538; x_wconf 88' lang='lat' dir='ltr'><strong>tractanda</strong></span> <span class='ocrx_word' id='word_1_196' title='bbox 1608 2497 1759 2552; x_wconf 81' lang='lat' dir='ltr'><strong>versarer,</strong></span> <span class='ocrx_word' id='word_1_197' title='bbox 1788 2474 2003 2539; x_wconf 77' lang='lat' dir='ltr'><strong>demonstravi</strong></span> <span class='ocrx_word' id='word_1_198' title='bbox 2026 2476 2060 2539; x_wconf 92' lang='lat' dir='ltr'><strong>in</strong></span> <span class='ocrx_word' id='word_1_199' title='bbox 2084 2476 2146 2564; x_wconf 88' lang='lat' dir='ltr'><strong>pri·</strong></span> 
     </span>
     <span class='ocr_line' id='line_1_18' title="bbox 408 2596 2148 2685; baseline -0.001 -20"><span class='ocrx_word' id='word_1_200' title='bbox 408 2600 506 2664; x_wconf 86' lang='lat' dir='ltr'><strong>maria</strong></span> <span class='ocrx_word' id='word_1_201' title='bbox 529 2600 754 2665; x_wconf 86' lang='lat' dir='ltr'><strong>enunciatione</strong></span> <span class='ocrx_word' id='word_1_202' title='bbox 778 2623 843 2664; x_wconf 91' lang='lat' dir='ltr'><strong>non</strong></span> <span class='ocrx_word' id='word_1_203' title='bbox 866 2622 935 2664; x_wconf 87' lang='lat' dir='ltr'><strong>raro</strong></span> <span class='ocrx_word' id='word_1_204' title='bbox 959 2598 1110 2663; x_wconf 85' lang='lat' dir='ltr'><strong>adverbia</strong></span> <span class='ocrx_word' id='word_1_205' title='bbox 1131 2597 1279 2676; x_wconf 84' lang='lat' dir='ltr'><strong>inveniri,</strong></span> <span class='ocrx_word' id='word_1_206' title='bbox 1305 2620 1374 2684; x_wconf 81' lang='lat' dir='ltr'><strong>quae</strong></span> <span class='ocrx_word' id='word_1_207' title='bbox 1394 2596 1616 2681; x_wconf 86' lang='lat' dir='ltr'><strong>conjunctioni</strong></span> <span class='ocrx_word' id='word_1_208' title='bbox 1632 2597 1801 2684; x_wconf 85' lang='lat' dir='ltr'><strong>temporali</strong></span> <span class='ocrx_word' id='word_1_209' title='bbox 1816 2596 2058 2685; x_wconf 79' lang='lat' dir='ltr'><strong>responderent.</strong></span> <span class='ocrx_word' id='word_1_210' title='bbox 2097 2598 2148 2664; x_wconf 87' lang='lat' dir='ltr'><strong>Ita</strong></span> 
     </span>
     <span class='ocr_line' id='line_1_19' title="bbox 407 2719 2144 2810; baseline -0.002 -22"><span class='ocrx_word' id='word_1_211' title='bbox 407 2745 484 2788; x_wconf 84' lang='lat' dir='ltr'><strong>vero</strong></span> <span class='ocrx_word' id='word_1_212' title='bbox 508 2745 577 2788; x_wconf 82' lang='lat' dir='ltr'><strong>esee</strong></span> <span class='ocrx_word' id='word_1_213' title='bbox 601 2724 697 2788; x_wconf 86' lang='lat' dir='ltr'><strong>etiam</strong></span> <span class='ocrx_word' id='word_1_214' title='bbox 720 2723 755 2787; x_wconf 87' lang='lat' dir='ltr'><strong>in</strong></span> <span class='ocrx_word' id='word_1_215' title='bbox 777 2723 817 2788; x_wconf 77' lang='lat' dir='ltr'><strong>iis</strong></span> <span class='ocrx_word' id='word_1_216' title='bbox 841 2723 1009 2810; x_wconf 79' lang='lat' dir='ltr'><strong>exemplis,</strong></span> <span class='ocrx_word' id='word_1_217' title='bbox 1034 2721 1067 2785; x_wconf 92' lang='lat' dir='ltr'><strong>in</strong></span> <span class='ocrx_word' id='word_1_218' title='bbox 1091 2721 1208 2808; x_wconf 74' lang='lat' dir='ltr'><strong>quibua</strong></span> <span class='ocrx_word' id='word_1_219' title='bbox 1231 2720 1334 2785; x_wconf 85' lang='lat' dir='ltr'><strong>donee</strong></span> <span class='ocrx_word' id='word_1_220' title='bbox 1357 2719 1515 2806; x_wconf 83' lang='lat' dir='ltr'><strong>particula</strong></span> <span class='ocrx_word' id='word_1_221' title='bbox 1530 2719 1703 2798; x_wconf 85' lang='lat' dir='ltr'><strong>invenitur,</strong></span> <span class='ocrx_word' id='word_1_222' title='bbox 1721 2743 1762 2784; x_wconf 85' lang='lat' dir='ltr'><strong>ex</strong></span> <span class='ocrx_word' id='word_1_223' title='bbox 1777 2721 1827 2797; x_wconf 82' lang='lat' dir='ltr'><strong>iia,</strong></span> <span class='ocrx_word' id='word_1_224' title='bbox 1845 2744 1914 2808; x_wconf 89' lang='lat' dir='ltr'><strong>quae</strong></span> <span class='ocrx_word' id='word_1_225' title='bbox 1931 2745 2026 2808; x_wconf 86' lang='lat' dir='ltr'><strong>eupra</strong></span> <span class='ocrx_word' id='word_1_226' title='bbox 2041 2721 2144 2797; x_wconf 84' lang='lat' dir='ltr'><strong>attuli,</strong></span> 
     </span>
     <span class='ocr_line' id='line_1_20' title="bbox 408 2841 2146 2934; baseline -0.002 -25"><span class='ocrx_word' id='word_1_227' title='bbox 408 2845 506 2911; x_wconf 87' lang='lat' dir='ltr'><strong>facile</strong></span> <span class='ocrx_word' id='word_1_228' title='bbox 530 2858 670 2934; x_wconf 83' lang='lat' dir='ltr'><strong>apparet,</strong></span> <span class='ocrx_word' id='word_1_229' title='bbox 696 2846 873 2931; x_wconf 89' lang='lat' dir='ltr'><strong>obeamque</strong></span> <span class='ocrx_word' id='word_1_230' title='bbox 895 2867 964 2909; x_wconf 91' lang='lat' dir='ltr'><strong>rem</strong></span> <span class='ocrx_word' id='word_1_231' title='bbox 986 2867 1072 2908; x_wconf 90' lang='lat' dir='ltr'><strong>nunc</strong></span> <span class='ocrx_word' id='word_1_232' title='bbox 1096 2844 1136 2909; x_wconf 89' lang='lat' dir='ltr'><strong>de</strong></span> <span class='ocrx_word' id='word_1_233' title='bbox 1160 2843 1220 2907; x_wconf 91' lang='lat' dir='ltr'><strong>hac</strong></span> <span class='ocrx_word' id='word_1_234' title='bbox 1236 2867 1270 2907; x_wconf 90' lang='lat' dir='ltr'><strong>re</strong></span> <span class='ocrx_word' id='word_1_235' title='bbox 1287 2865 1389 2930; x_wconf 86' lang='lat' dir='ltr'><strong>pauca</strong></span> <span class='ocrx_word' id='word_1_236' title='bbox 1404 2841 1527 2906; x_wconf 86' lang='lat' dir='ltr'><strong>addam.</strong></span> <span class='ocrx_word' id='word_1_237' title='bbox 1568 2843 1607 2906; x_wconf 90' lang='lat' dir='ltr'><strong>In</strong></span> <span class='ocrx_word' id='word_1_238' title='bbox 1623 2842 1872 2908; x_wconf 78' lang='lat' dir='ltr'><strong>demonstrativo</strong></span> <span class='ocrx_word' id='word_1_239' title='bbox 1888 2843 2032 2907; x_wconf 86' lang='lat' dir='ltr'><strong>membro</strong></span> <span class='ocrx_word' id='word_1_240' title='bbox 2048 2865 2146 2930; x_wconf 70' lang='lat' dir='ltr'><strong>unque</strong></span> 
     </span>
     <span class='ocr_line' id='line_1_21' title="bbox 407 2962 2143 3054; baseline -0.003 -21"><span class='ocrx_word' id='word_1_241' title='bbox 407 2967 594 3034; x_wconf 81' lang='lat' dir='ltr'><strong>adverbium</strong></span> <span class='ocrx_word' id='word_1_242' title='bbox 623 2969 844 3053; x_wconf 89' lang='lat' dir='ltr'><strong>conjunctioni</strong></span> <span class='ocrx_word' id='word_1_243' title='bbox 872 2967 1041 3054; x_wconf 87' lang='lat' dir='ltr'><strong>temporali</strong></span> <span class='ocrx_word' id='word_1_244' title='bbox 1064 2965 1239 3054; x_wconf 78' lang='lat' dir='ltr'><strong>respondet</strong></span> <span class='ocrx_word' id='word_1_245' title='bbox 1262 2965 1342 3030; x_wconf 86' lang='lat' dir='ltr'><strong>Hec.</strong></span> <span class='ocrx_word' id='word_1_246' title='bbox 1369 2965 1443 3042; x_wconf 86' lang='grc'>125,</span> <span class='ocrx_word' id='word_1_247' title='bbox 1468 2962 1610 3049; x_wconf 92' lang='lat' dir='ltr'><strong>Adelph.</strong></span> <span class='ocrx_word' id='word_1_248' title='bbox 1635 2965 1710 3029; x_wconf 91' lang='grc'><strong>717.</strong></span> <span class='ocrx_word' id='word_1_249' title='bbox 1757 2964 1923 3029; x_wconf 82' lang='lat' dir='ltr'><strong>Interdum</strong></span> <span class='ocrx_word' id='word_1_250' title='bbox 1943 2977 2049 3028; x_wconf 88' lang='lat' dir='ltr'><strong>autem</strong></span> <span class='ocrx_word' id='word_1_251' title='bbox 2071 2987 2143 3028; x_wconf 89' lang='lat' dir='ltr'><strong>oum</strong></span> 
     </span>
    </p>
   </div>
   <div class='ocr_carea' id='block_1_5' title="bbox 407 3087 2143 3290">
    <p class='ocr_par' dir='ltr' id='par_1_8' title="bbox 407 3087 2143 3290">
     <span class='ocr_line' id='line_1_22' title="bbox 407 3087 2143 3178; baseline -0.002 -23"><span class='ocrx_word' id='word_1_252' title='bbox 407 3114 505 3178; x_wconf 79' lang='lat' dir='ltr'><strong>aeque</strong></span> <span class='ocrx_word' id='word_1_253' title='bbox 527 3090 679 3154; x_wconf 83' lang='lat' dir='ltr'><strong>adverbio</strong></span> <span class='ocrx_word' id='word_1_254' title='bbox 703 3092 911 3178; x_wconf 79' lang='lat' dir='ltr'><strong>conjungitur</strong></span> <span class='ocrx_word' id='word_1_255' title='bbox 934 3093 1013 3154; x_wconf 85' lang='lat' dir='ltr'><strong>adeo</strong></span> <span class='ocrx_word' id='word_1_256' title='bbox 1036 3089 1193 3176; x_wconf 83' lang='lat' dir='ltr'><strong>particula</strong></span> <span class='ocrx_word' id='word_1_257' title='bbox 1215 3089 1269 3167; x_wconf 84' lang='lat' dir='ltr'><strong>ita,</strong></span> <span class='ocrx_word' id='word_1_258' title='bbox 1293 3103 1330 3152; x_wconf 89' lang='lat' dir='ltr'><strong>ut</strong></span> <span class='ocrx_word' id='word_1_259' title='bbox 1352 3110 1449 3174; x_wconf 76' lang='lat' dir='ltr'><strong>araque</strong></span> <span class='ocrx_word' id='word_1_260' title='bbox 1472 3089 1551 3151; x_wconf 86' lang='lat' dir='ltr'><strong>adeo</strong></span> <span class='ocrx_word' id='word_1_261' title='bbox 1574 3088 1697 3151; x_wconf 69' lang='lat' dir='ltr'><strong>voculae</strong></span> <span class='ocrx_word' id='word_1_262' title='bbox 1719 3110 1785 3151; x_wconf 93' lang='lat' dir='ltr'><strong>uno</strong></span> <span class='ocrx_word' id='word_1_263' title='bbox 1801 3087 1980 3174; x_wconf 89' lang='lat' dir='ltr'><strong>eodemque</strong></span> <span class='ocrx_word' id='word_1_264' title='bbox 1997 3087 2070 3152; x_wconf 93' lang='lat' dir='ltr'><strong>loco</strong></span> <span class='ocrx_word' id='word_1_265' title='bbox 2087 3111 2143 3174; x_wconf 90' lang='lat' dir='ltr'><strong>po·</strong></span> 
     </span>
     <span class='ocr_line' id='line_1_23' title="bbox 407 3212 1001 3290; baseline -0.003 -12"><span class='ocrx_word' id='word_1_266' title='bbox 407 3227 521 3278; x_wconf 80' lang='lat' dir='ltr'><strong>nentur</strong></span> <span class='ocrx_word' id='word_1_267' title='bbox 545 3212 673 3278; x_wconf 85' lang='lat' dir='ltr'><strong>Phorm.</strong></span> <span class='ocrx_word' id='word_1_268' title='bbox 700 3214 774 3290; x_wconf 83' lang='lat'><strong>589,</strong></span> <span class='ocrx_word' id='word_1_269' title='bbox 799 3213 901 3276; x_wconf 87' lang='lat' dir='ltr'><strong>Andr.</strong></span> <span class='ocrx_word' id='word_1_270' title='bbox 927 3214 1001 3276; x_wconf 82' lang='lat'><strong>662.</strong></span> 
     </span>
    </p>
   </div>
   <div class='ocr_carea' id='block_1_6' title="bbox 0 0 2380 5720">
    <p class='ocr_par' dir='ltr' id='par_1_9' title="bbox 0 0 2380 5720">
     <span class='ocr_line' id='line_1_24' title="bbox 0 0 2380 5720; baseline 0 0"><span class='ocrx_word' id='word_1_271' title='bbox 0 0 2380 5720; x_wconf 95' lang='lat' dir='ltr'><strong> </strong></span> 
     </span>
    </p>
   </div>
  </div>
 </body>
</html>
