4752 5724
1871 401 1890 470 9

302 579 390 648 Adu.
417 582 447 646 9.
493 577 742 666 Nonnumquam
766 573 949 643 enunciatio
972 573 1157 664 temporalis
1180 574 1220 644 ad
1243 573 1439 644 infinitivum
1455 577 1619 666 presentis
1634 579 1781 656 refertur,
1797 595 1834 645 ut
1852 580 1934 646 Heo.

196 707 262 772 795
286 708 341 770 sed
364 707 417 768 via
440 705 546 768 adesse
568 725 617 766 me
639 725 714 778 aaa,
738 703 814 764 dum
837 702 930 764 istem
954 703 1106 764 convenis.

306 844 393 909 Adn.
418 845 448 908 3.
495 843 600 922 Quum
634 864 771 929 praesens
803 839 893 927 quasi
925 840 958 905 in
987 839 1090 905 limite
1118 840 1272 926 temporis
1301 839 1401 904 futuri
1430 841 1571 927 positum
1599 841 1650 918 rit,
1680 841 1777 906 facile
1806 856 1939 930 apparet

200 970 297 1033 etiam
326 967 366 1032 de
394 967 504 1032 futuro
531 965 599 1030 diei
621 987 726 1052 posse,
751 964 924 1051 praesertim
948 963 975 1027 si
998 963 1141 1026 actiones
1164 962 1397 1048 exprimuntur,
1422 986 1492 1050 quae
1514 963 1621 1028 statim
1645 985 1680 1028 ae
1704 964 1852 1028 celeriter
1875 966 1940 1030 siut

202 1091 411 1179 perficiendae,
440 1089 475 1153 id
503 1089 590 1175 quod
620 1111 702 1170 sape
731 1086 800 1151 fieri
828 1087 920 1163 solet,
950 1107 1049 1172 quum
1076 1085 1111 1148 in
1140 1084 1390 1152 demonstrativo
1418 1085 1562 1150 membro
1589 1086 1704 1150 modus
1731 1087 1939 1174 imperativus

202 1227 378 1302 rreurpatur.
426 1211 527 1296 Cujus
556 1233 632 1275 usus
661 1210 725 1274 duo
754 1221 882 1274 exstant
910 1209 1074 1294 exempla;
1103 1230 1213 1284 unum,
1241 1207 1275 1271 in
1304 1231 1369 1294 quo
1392 1207 1512 1294 legitur
1533 1209 1742 1296 imperativus
1765 1211 1938 1306 presentis,

198 1337 361 1400 invenitur
388 1335 473 1398 Eun.
502 1334 567 1398 763
597 1345 630 1396 tu
660 1333 714 1396 aba·
742 1343 837 1418 atque
864 1331 974 1395 obsera
1003 1333 1116 1394 ostium
1144 1331 1239 1406 tatae,
1265 1331 1340 1394 dum
1364 1353 1421 1415 epo
1445 1329 1518 1394 laiac
1542 1343 1724 1396 trameant
1747 1333 1791 1396 ad
1809 1333 1939 1419 sorumr

199 1460 334 1524 alterum
359 1479 435 1521 vero
459 1456 655 1543 exemplum,
678 1456 714 1520 in
738 1477 801 1541 quo
825 1454 945 1540 legitur
966 1452 1174 1540 imperativus
1198 1453 1309 1530 futuri,
1330 1453 1494 1518 invenitur
1509 1453 1592 1518 Eun.
1611 1455 1675 1519 595
1692 1455 1851 1520 ventulum
1867 1456 1941 1520 laic

200 1583 246 1644 sic
264 1581 382 1667 facito,
407 1581 482 1643 dum
507 1578 660 1642 haumar.

307 1724 336 1784 a.
384 1719 512 1784 Deinde
541 1717 582 1782 de
610 1719 650 1781 iia
678 1717 837 1819 exemplis
865 1714 980 1792 dicam,
1008 1715 1042 1778 in
1071 1713 1187 1800 quibas
1216 1735 1274 1801 per
1301 1715 1378 1778 dum
1402 1715 1590 1802 perticulam
1614 1729 1760 1804 tempora
1783 1718 1942 1804 praeterita

200 1843 442 1930 conjunguntur
465 1854 560 1926 atquc
584 1841 618 1904 in
641 1839 797 1904 relatione
821 1851 993 1926 ponuntur.

307 1985 341 2060 a)
366 1980 508 2044 Primum
541 1979 581 2044 de
613 1980 653 2044 iia
686 1979 844 2066 exemplis
878 1977 1012 2054 dicetur,
1045 1977 1079 2040 in
1113 1975 1228 2064 quibus
1260 1977 1468 2042 inveniuntur
1495 1977 1649 2056 absoluta,
1679 2003 1748 2066 quae
1775 1995 1940 2066 vocantur,

201 2118 348 2190 tempora
373 2103 533 2190 praeterita
558 2102 580 2165 i.
611 2125 638 2166 e.
667 2123 804 2188 praesens
832 2099 1020 2165 historicum
1049 2113 1103 2164 aut
1125 2099 1307 2186 perfectum
1330 2099 1528 2164 historicum.
1575 2101 1656 2165 Nam
1681 2093 1779 2189 quani
1802 2127 1939 2192 praesens

202 2225 400 2302 historicum,
424 2225 567 2312 quamvis
584 2224 687 2289 forma
704 2223 833 2288 differat
848 2246 866 2287 a
886 2221 1043 2309 perfeeto,
1060 2234 1166 2286 tamen
1183 2221 1317 2286 eandem
1333 2223 1398 2286 vim
1416 2245 1451 2287 ac
1467 2237 1611 2288 naturam
1626 2225 1743 2290 habeat
1758 2249 1852 2314 quam
1869 2251 1939 2315 per·

204 2349 334 2426 fectum,
359 2349 474 2412 mirum
498 2371 561 2412 non
586 2348 723 2424 videtur,
748 2345 834 2434 quod
858 2343 925 2410 haec
949 2356 1094 2432 tempora
1116 2345 1150 2408 in
1174 2345 1287 2410 eodem
1312 2345 1464 2410 orationis
1487 2359 1598 2412 tenore
1619 2349 1703 2413 inter
1719 2372 1752 2414 se
1769 2350 1892 2414 variant
1909 2363 1942 2415 et

202 2483 431 2558 permutantur.
468 2469 610 2550 Quorum
632 2483 813 2556 temporum
828 2468 984 2532 relatione
1000 2467 1160 2531 indicatur
1176 2466 1289 2532 eodem
1305 2481 1450 2555 tempore
1467 2470 1637 2557 preterito,
1655 2493 1719 2558 quo
1735 2472 1842 2558 aliqua
1857 2474 1941 2538 actio

203 2593 356 2668 evenerit,
386 2593 516 2660 alteram
545 2593 703 2656 actionem
732 2590 877 2656 evenisse
905 2591 959 2668 ita,
989 2603 1025 2654 ut
1051 2591 1220 2655 relativum
1243 2591 1419 2656 membrum
1444 2594 1581 2680 epatium
1606 2591 1767 2681 significet
1790 2595 1940 2681 praeteriti

204 2716 366 2802 temporis,
390 2739 454 2803 quo
478 2717 561 2780 actio
585 2715 826 2778 demonstrativi
851 2713 1012 2777 enunciari
1029 2713 1173 2778 evaserit.
1210 2713 1309 2798 Cujus
1326 2737 1401 2778 neus
1417 2715 1481 2779 duo
1498 2739 1617 2801 genera
1631 2729 1705 2781 sunt
1721 2716 1939 2783 discernenda.

309 2855 341 2938 α)
365 2856 403 2920 Ιιι
426 2869 574 2944 utroque
588 2854 732 2918 membro
755 2876 892 2941 praesens
915 2853 1102 2917 historicum
1125 2865 1303 2940 usurpatur.
1350 2853 1493 2918 Primum
1510 2869 1616 2920 autem
1634 2855 1784 2943 exempla
1799 2857 1939 2936 afferam,

203 3003 338 3065 quorum
365 2979 399 3043 in
428 2977 576 3066 primaria
600 2977 825 3043 enunciatione
850 2975 1135 3039 demonstrativum
1159 2975 1346 3041 adverbium
1369 2977 1541 3055 invenitur,
1567 2979 1652 3065 quod
1677 2981 1846 3068 temporali
1870 3005 1940 3068 par·

204 3101 310 3166 riculae
333 3101 517 3185 respondet.
542 3113 579 3162 ut
599 3099 683 3162 Eun.
710 3099 773 3162 955
798 3101 873 3162 dum
898 3099 963 3161 doec
986 3097 1156 3184 loquimar,
1181 3101 1300 3164 interea
1324 3100 1386 3163 loci
1408 3101 1452 3164 ad
1474 3101 1639 3166 macellum
1656 3103 1712 3166 abi
1727 3103 1941 3181 adventamus,

206 3233 396 3284 concurrant
430 3219 495 3284 teri
525 3224 570 3284 mi
598 3222 731 3285 obviam.
761 3220 839 3285 ibid.
870 3221 934 3284 579
964 3223 1039 3284 dum
1067 3221 1132 3284 deae
1159 3245 1278 3286 mecum
1306 3234 1429 3310 reputo,
1459 3227 1628 3288 arcessitur
1656 3224 1794 3289 levatum
1822 3229 1942 3291 interea

206 3347 303 3431 oa‘ryo.
352 3343 480 3408 Phorm.
506 3345 545 3408 91
572 3345 691 3408 interea
714 3345 790 3408 dam
812 3345 952 3407 sedimus
975 3343 1036 3419 illi,
1061 3345 1227 3408 intervenit
1250 3345 1429 3409 adaleeeeue
1453 3347 1594 3431 quidem.
1640 3347 1802 3434 Exempla
1823 3315 1946 3428 autem,⁸

204 3490 339 3554 quorum
362 3468 396 3531 in
420 3468 569 3555 primaria
592 3468 817 3533 enunciatione
841 3467 918 3530 talia
941 3465 1092 3530 adverbia
1113 3488 1178 3531 non
1203 3467 1363 3553 leguntur,
1387 3467 1454 3531 haec
1479 3481 1567 3533 aunt:
1614 3469 1697 3533 Eun.
1723 3471 1787 3535 398
1811 3474 1848 3548 is,
1866 3473 1941 3536 dum

205 3591 285 3654 hanc
307 3614 431 3676 sequor,
452 3593 495 3678 fit
518 3594 563 3653 mi
587 3591 720 3654 obviam.
745 3589 825 3653 ibid.
851 3589 915 3653 583
940 3589 1015 3652 dum
1038 3591 1228 3674 adportatur,
1250 3589 1340 3673 virpo
1361 3589 1395 3651 in
1416 3588 1941 3654 00007001000101.1311843500

205 3723 277 3774 cate
301 3716 414 3776 ostium
436 3726 495 3791 sto,
518 3726 611 3778 aetus
634 3713 715 3776 miti
737 3715 869 3798 quidam
893 3713 1017 3776 obviam
1040 3714 1133 3775 venit.

312 3831 342 3916 β)
367 3833 404 3898 ln
432 3837 565 3901 relativo
593 3837 737 3901 membro
765 3859 901 3922 praesens
925 3848 1102 3921 usurpatur,
1128 3856 1226 3920 quum
1248 3831 1283 3896 in
1307 3833 1456 3920 primaria
1478 3833 1704 3900 enunciatione
1728 3835 1848 3921 legitur
1870 3859 1941 3924 per·

206 3957 328 4021 sectum
351 3955 548 4020 historicum.
595 3959 737 4022 Primum
762 3971 868 4022 autem
892 3958 1042 4044 exempla
1065 3969 1139 4020 sunt
1161 3955 1333 4032 afferenda,
1351 3978 1486 4042 quorum
1502 3955 1535 4019 in
1552 3955 1701 4042 primaria
1716 3959 1941 4024 enunciationc

206 4078 490 4144 demonstrativum
514 4079 700 4145 adverbium
724 4081 897 4158 invenitur,
921 4079 1007 4166 quod
1031 4079 1201 4165 temporali
1224 4078 1444 4162 conjunctioni
1468 4077 1651 4165 respondet,
1676 4093 1712 4143 ut
1734 4079 1851 4145 Heaut.
1877 4084 1940 4146 949

207 4227 312 4266 verum
335 4205 465 4276 interea,
491 4203 565 4265 dum
588 4226 741 4266 sermones
766 4205 922 4278 eredimus,
947 4203 1012 4266 itte
1033 4214 1105 4266 auat
1128 4201 1254 4264 relicte.
1278 4200 1358 4264 ibid.
1384 4201 1445 4264 957
1473 4201 1548 4264 dam
1569 4224 1625 4288 epo
1637 4213 1774 4288 propter·
1790 4215 1818 4268 te
1833 4201 1943 4268 maria

203 4329 314 4411 petria
338 4348 440 4401 corea,
466 4336 499 4387 tu
522 4325 641 4387 interea
666 4325 728 4388 loci
751 4301 1009 4412 eoaloeupletasti
1032 4333 1069 4388 te.
1116 4323 1278 4410 Exempla
1294 4335 1410 4400 autem,
1428 4347 1563 4410 quorum
1578 4326 1611 4389 in
1629 4324 1777 4412 primaria
1792 4329 1941 4392 enuncia·

206 4448 294 4511 tione
318 4447 395 4510 talia
417 4447 569 4512 adverbia
591 4469 655 4510 non
680 4446 896 4524 inveniuntur,
920 4447 987 4511 baec
1011 4459 1098 4512 sunt:
1145 4445 1229 4511 Eun.
1255 4447 1317 4509 341
1344 4447 1419 4510 dam
1443 4446 1507 4510 laec
1531 4449 1619 4523 dicit,
1644 4449 1724 4511 abiit
1748 4448 1837 4513 lora.
1861 4450 1941 4516 ibid.

209 4571 270 4632 699
296 4573 371 4634 dum
395 4593 449 4632 rrae
473 4593 518 4646 eo,
543 4572 623 4656 ecepa'
645 4580 764 4655 eyomet
786 4593 906 4633 mecam
930 4607 970 4614 —
995 4572 1144 4654 cogitare,
1168 4567 1247 4632 ibid.
1274 4569 1337 4632 639
1363 4571 1438 4632 dum
1462 4569 1526 4634 doee
1544 4579 1637 4656 puto,
1655 4573 1803 4656 preaterii
1817 4574 1942 4660 impra-

209 4691 283 4752 deua
306 4693 425 4769 vittam,
450 4692 528 4756 ibid.
554 4693 618 4756 745
643 4694 719 4754 dum
743 4693 802 4755 tibi
824 4714 962 4755 sororem
985 4693 1094 4756 studeo
1110 4692 1241 4755 reddere
1256 4715 1294 4753 ac
1309 4693 1481 4768 restituere,
1499 4692 1563 4755 laoee
1579 4728 1621 4737 —
1637 4695 1706 4757 aum
1722 4693 1823 4758 resulta
1834 4721 1942 4782 passu.

208 4811 286 4875 ibid.
313 4811 378 4874 949
395 4817 571 4898 perdidisti
593 4816 687 4878 retum
712 4851 753 4860 —-
778 4817 853 4878 dam
875 4817 980 4880 studes
1003 4817 1080 4879 dare
1102 4815 1197 4878 verba
1220 4815 1320 4878 00510.
1366 4815 1484 4878 Heaut.
1510 4817 1572 4879 971
1599 4815 1657 4880 500
1679 4819 1751 4902 ipsa
1774 4820 1808 4882 a'a
1831 4821 1944 4884 itinere

208 4933 316 4997 altere
339 4935 414 4996 dum
436 4949 558 5012 acme,
578 4907 670 5024 sorte
692 4939 812 5000 cradivi.
837 4937 915 5001 ibid.
940 4939 1004 5001 399
1028 4962 1102 5002 aem
1126 4940 1202 5001 dam
1225 4937 1281 5000 aba
1305 4939 1476 5014 teatrum,
1499 4961 1602 5002 amaea
1617 4940 1699 5003 mita·
1715 4939 1838 5005 labores
1849 4942 1946 5029 suere

209 5079 287 5144 qaae
310 5059 380 5142 eepr'
403 5055 490 5120 leues.
514 5056 592 5122 ibid.
616 5061 680 5123 491
705 5063 861 5123 amanium
885 5095 926 5105 -
952 5059 1050 5124 oeulis
1072 5083 1136 5124 aaa
1158 5062 1227 5124 vidi
1248 5064 1334 5138 meis,
1359 5062 1435 5124 dum
1458 5062 1494 5123 id
1517 5083 1634 5146 qaoero.
1658 5061 1879 5129 1510165500
1895 5066 1945 5131 lu-

1896 5172 1913 5222 2
