4752 5724
482 430 522 496 16

544 603 574 668 3.
621 600 787 688 Postremo
816 601 855 666 sd
884 602 1035 689 exempla
1060 614 1265 678 transeamus,
1289 599 1323 664 in
1347 599 1463 686 quibus
1487 597 1559 664 dure
1582 597 1724 664 actiones
1747 619 1805 685 per
1828 596 1905 662 dum
1928 597 2117 686 particulam
2140 597 2174 662 in

436 726 591 791 relatione
614 725 727 812 positae
750 737 895 812 tempore
919 725 1080 812 praeterito
1104 723 1248 788 evenisse
1272 722 1433 798 dicuntur,
1458 745 1557 808 quum
1580 723 1614 786 in
1638 721 1827 786 secundaria
1848 721 2074 786 enunciatione
2098 721 2174 784 dum

438 849 596 937 particula
621 869 695 912 cum
718 847 926 932 conjunctivo
949 847 1133 934 imperfecti
1156 845 1373 932 conjungitur.
1420 845 1470 908 lta
1492 868 1568 910 vero
1591 844 1753 908 indicatur
1775 867 1871 908 unam
1894 844 2054 908 actionem
2077 841 2174 908 adid

440 985 567 1058 tempus
594 970 783 1058 productam
812 992 891 1046 esse,
920 991 984 1056 quo
1013 970 1076 1034 ulia
1102 969 1186 1034 aetio
1211 969 1279 1052 jam
1303 967 1518 1056 perficeretur.
1565 968 1603 1032 ln
1627 967 1878 1032 demonstrativo
1902 979 2008 1032 autem
2032 965 2175 1032 membro

439 1116 524 1182 saepe
546 1094 667 1180 legitur
688 1092 822 1157 verbum
846 1095 1057 1181 caspectaudi
1104 1091 1205 1175 Cujus
1227 1113 1303 1156 usus
1327 1090 1392 1154 duo
1415 1113 1534 1177 genera
1556 1089 1768 1154 discernenda
1790 1111 1859 1154 esse
1881 1088 2042 1154 videntur.

546 1219 581 1296 o)
604 1215 643 1280 In
671 1215 821 1302 primaria
848 1215 1073 1279 enunciatione
1100 1225 1270 1300 usurpatur
1297 1213 1478 1300 perfeetum
1505 1213 1704 1288 historicum,
1732 1225 1769 1276 ut
1797 1211 1940 1299 Adelph.
1970 1213 2034 1276 672
2063 1235 2109 1298 sq.
2125 1234 2177 1274 err.

437 1341 543 1404 sedere
572 1339 714 1425 oportuit
742 1340 830 1402 domi
857 1340 1011 1424 virqiaem
1040 1348 1103 1401 tom
1128 1339 1294 1422 proadem,
1318 1337 1393 1400 dum
1418 1347 1568 1421 copnatus
1592 1335 1664 1399 birro
1687 1335 1778 1399 illino
1799 1337 1927 1410 oerairet,
1953 1345 2174 1420 expectantem.

546 1463 579 1540 b)
602 1459 641 1542 In
669 1461 819 1548 primaria
845 1460 1070 1526 enunciatione
1098 1459 1263 1524 invenitur
1289 1457 1484 1524 indicativus
1511 1457 1706 1545 imperfecti,
1734 1469 1772 1521 ut
1798 1455 1927 1522 Phorm.
1953 1457 1994 1522 89
2020 1457 2071 1521 lio
2093 1456 2175 1520 sole-

441 1587 549 1650 bamus
567 1586 642 1674 sere
658 1585 849 1672 plerumque
871 1607 940 1648 eam
964 1584 1117 1671 opperiri,
1142 1583 1218 1646 dum
1240 1583 1315 1646 inde
1337 1583 1397 1646 iret
1420 1582 1557 1646 domum.

545 1707 633 1772 Adn.
679 1708 754 1773 Jam
777 1729 872 1794 supra
894 1729 996 1794 pauca
1016 1705 1057 1769 de
1074 1704 1232 1792 exemplis
1249 1703 1328 1780 dixi,
1345 1705 1379 1768 in
1395 1703 1512 1789 quibus
1527 1703 1735 1768 inveniuntur
1750 1701 1902 1768 adverbia
1917 1702 2175 1778 demonstrativa,

443 1853 512 1918 quas
539 1831 704 1919 particule
731 1829 902 1918 temporali
928 1827 1135 1916 respondent.
1182 1827 1288 1906 Quum
1316 1839 1423 1892 autem
1450 1839 1520 1890 tum
1548 1849 1618 1890 eam
1645 1848 1712 1890 rem
1741 1825 1931 1912 diligentius
1954 1839 2087 1890 tractare
2111 1847 2175 1890 non

440 1953 577 2032 licuerit,
600 1977 687 2019 nunc
711 1951 842 2041 quidem
865 1975 931 2018 non
954 1952 1094 2016 alienum
1110 1973 1179 2016 esse
1196 1949 1324 2014 videtur
1345 1948 1384 2013 de
1401 1948 1441 2014 iis
1457 1949 1615 2036 exemplis
1631 1949 1807 2014 accuratius
1823 1948 1931 2012 dicere
1947 1961 2043 2035 etque
2060 1948 2176 2024 omnia,

441 2099 638 2164 quoeunque
661 2076 781 2154 inveni,
799 2075 867 2169 'hoo
891 2075 964 2139 loeo
987 2073 1127 2138 afferam.

546 2198 600 2263 Ab
624 2199 664 2263 iis
688 2198 846 2284 exemplis
869 2197 1032 2283 incipiam,
1056 2197 1090 2260 in
1107 2194 1223 2282 quibus
1239 2193 1316 2258 dum
1332 2193 1522 2281 perticulam
1537 2193 1658 2258 suetice
1675 2195 1776 2258 aadm
1792 2195 1843 2256 det
1859 2204 1906 2257 att
1921 2193 2175 2278 interpretemur.

441 2322 583 2400 Quorum
611 2321 834 2407 exemplorum
861 2321 896 2383 in
924 2319 1174 2384 demonstrativo
1202 2317 1347 2382 membro
1375 2317 1519 2382 omnium
1546 2317 1685 2404 primum
1714 2319 1833 2380 interea
1856 2313 2044 2380 adverbium
2067 2326 2176 2400 aptum

441 2467 510 2508 esse
537 2442 675 2521 videtur,
704 2443 792 2530 quod
820 2441 1041 2526 conjunctioni
1068 2440 1237 2527 temporali
1260 2440 1463 2526 respondeat,
1488 2441 1595 2527 qualia
1618 2439 1768 2525 exempla
1789 2439 1857 2502 haec
1881 2451 1968 2502 sunt:
1993 2437 2077 2501 Eun.
2103 2437 2177 2512 592,

441 2565 569 2630 Phorm.
595 2567 647 2644 91,
671 2565 788 2630 Heaut.
814 2567 888 2628 242.
934 2563 1183 2650 Nonnumquam
1207 2575 1313 2627 autem
1337 2565 1457 2628 intereo
1477 2562 1629 2627 adverbio
1646 2562 1780 2648 adjungi
1796 2560 1966 2646 genetivus
1983 2559 2055 2636 loci,
2071 2573 2109 2624 ut
2124 2559 2179 2624 fiat

442 2693 562 2754 intereo
585 2689 657 2766 loci,
680 2689 714 2753 in
739 2710 801 2775 qua
823 2688 987 2752 locutione
1013 2687 1097 2750 locus
1120 2708 1178 2772 pro
1203 2697 1341 2772 tempore
1364 2685 1447 2748 sumi
1471 2684 1578 2760 debet,
1600 2684 1692 2768 cujus
1713 2707 1787 2747 usus
1804 2683 1869 2746 duo
1886 2695 2014 2746 exstant
2028 2681 2180 2770 exempla

442 2813 524 2877 lirun.
555 2811 619 2876 255
648 2813 724 2875 dum
746 2811 812 2874 loe
834 2809 1005 2896 loquimar,
1029 2811 1148 2872 intereo
1171 2808 1234 2872 loci
1256 2843 1297 2854 -
1323 2819 1513 2872 concurrunt
1536 2807 1668 2870 terimi
1692 2807 1825 2870 obviam.
1872 2805 1988 2870 Heaut.
2014 2805 2076 2868 257
2104 2805 2178 2865 dum

443 2958 499 3022 eqo
524 2969 566 2980 -
584 2935 699 3021 patria
730 2955 821 2998 coreo
846 2968 886 2976 -
913 2944 946 2994 tu
979 2933 1099 2995 immo
1132 2931 1194 2994 loci
1226 2931 1487 3017 coalooupletoetv'
1519 2941 1557 3006 tc,
1591 2931 1683 3013 cujus
1716 2951 1791 2992 usus
1819 2928 1881 2992 alia
1909 2926 2058 3012 exempla
2085 2923 2179 2990 affert

443 3057 619 3122 Stallbaum
629 3055 662 3138 ¹).
708 3055 836 3120 Deinde
863 3054 897 3118 in
926 3053 1175 3118 demonstrativo
1203 3053 1346 3118 membro
1374 3075 1458 3116 nunc
1484 3035 1671 3117 adverbium
1694 3049 1915 3134 conjunctioni
1938 3047 2108 3134 temporali
2130 3069 2177 3110 re·

444 3180 591 3268 spondet,
615 3191 652 3243 ut
673 3177 776 3247 Andr.
802 3178 876 3242 597.

552 3301 606 3366 Ad
635 3300 785 3387 exempla
810 3312 947 3376 transeo,
975 3299 1010 3363 in
1038 3299 1154 3385 quibus
1181 3299 1259 3362 dum
1287 3299 1475 3384 perticulam
1503 3297 1623 3363 svetice
1651 3300 1688 3360 ιὰ
1713 3297 1806 3381 [dape
1833 3317 1899 3359 som
1921 3293 2177 3379 interpretamur.

445 3427 587 3507 Quorum
610 3423 833 3512 exemplorum
855 3422 889 3486 in
913 3420 1163 3486 demonstrativo
1186 3420 1330 3485 membro
1354 3421 1497 3485 omnium
1520 3421 1658 3508 primum
1683 3421 1837 3505 tootbpsr
1860 3415 2046 3482 adverbium
2070 3427 2178 3501 aptum

445 3573 514 3615 esse
542 3547 679 3624 videtur,
708 3545 795 3633 quod
823 3543 1045 3628 conjunctioni
1072 3545 1242 3632 temporali
1268 3542 1470 3629 respondeat,
1498 3543 1606 3629 qualia
1634 3541 1784 3629 exempla
1805 3540 2013 3605 inveniuntur
2036 3535 2178 3622 Adelph.

445 3673 499 3750 70,
512 3671 629 3738 Heaut.
649 3670 722 3746 106,
739 3666 807 3732 ibid
825 3670 898 3732 147.
934 3667 1061 3733 Deinde
1077 3668 1110 3730 in
1127 3666 1377 3730 demonstrativo
1389 3666 1532 3732 membro
1545 3665 1707 3730 invenitur
1720 3686 1816 3750 usque
1828 3661 2026 3738 adverbium,
2039 3673 2134 3746 atque
2146 3657 2180 3722 id

446 3794 577 3884 quidem
600 3794 656 3870 ite,
679 3803 716 3856 ut
738 3801 793 3856 aut
815 3791 919 3856 solum
943 3815 1001 3878 per
1023 3813 1057 3854 se
1081 3803 1217 3878 ponatur
1240 3803 1295 3854 aut
1311 3812 1384 3853 cum
1400 3789 1471 3854 aliis
1488 3787 1647 3852 adverbiis
1663 3787 1886 3871 conjungatur.
1926 3785 1976 3848 Ita
1991 3805 2068 3847 vero
2084 3803 2182 3866 traque

447 3917 633 3982 adverbium
660 3914 764 3979 solum
792 3915 924 4000 ponitur
951 3913 1078 3977 Phorm.
1110 3913 1205 3976 1030.
1255 3912 1342 3976 Aliis
1370 3923 1475 3976 autem
1504 3910 1584 3974 loeis
1612 3931 1710 3994 sasque
1737 3908 1893 3994 particula
1920 3929 1993 3972 cum
2022 3904 2182 3968 adverbiis

447 4039 664 4126 conjungitur,
698 4036 805 4124 qualia
836 4049 911 4100 sunt
942 4037 1032 4110 odeo,
1067 4036 1197 4098 dudum.
1252 4035 1302 4098 Ite
1334 4056 1410 4098 vero
1443 4055 1541 4119 usque
1573 4055 1646 4097 cum
1679 4033 1758 4095 odeo
1792 4030 1943 4094 adverbio
1972 4029 2180 4112 conjunctum

447 4162 617 4252 temporali
643 4161 807 4247 particulae
833 4157 1008 4246 respondet
1034 4159 1118 4222 uun.
1146 4159 1210 4221 741
1235 4179 1333 4242 usqae
1355 4157 1433 4220 adeo
1457 4155 1545 4218 illius
1563 4155 1655 4241 serre
1675 4176 1804 4240 possam
1827 4155 1980 4239 ineptiam
2003 4161 2032 4214 st
2054 4151 2182 4233 moysi-

443 4291 512 4376 fico
533 4286 639 4359 verba,
662 4284 757 4348 verbo
779 4285 855 4346 dum
874 4285 953 4356 ιίιιις
969 4304 1034 4345 ιιιιο
1050 4293 1157 4345 autem
1173 4281 1245 4344 loco
1261 4301 1359 4364 usque
1373 4279 1530 4365 particula
1545 4273 1669 4340 dudum
1682 4276 1833 4340 adverbio
1847 4275 1998 4359 adjuncta
2012 4271 2181 4358 temporali

448 4407 669 4496 conjunctioni
696 4405 871 4492 respondet
898 4403 1015 4468 Heaut.
1045 4404 1110 4468 983
1139 4415 1168 4468 et
1195 4425 1292 4488 usque
1319 4403 1356 4465 id
1383 4405 1433 4487 ιρι
1461 4402 1592 4476 dudum,
1622 4401 1697 4464 dum
1726 4399 1869 4484 loquitur
1888 4407 1993 4482 pater.
2041 4395 2125 4460 Tum
2147 4392 2179 4456 in

448 4530 699 4597 demonstrativo
721 4527 864 4592 membro
888 4529 1007 4590 intereo
1030 4525 1215 4590 sdverbium
1239 4525 1408 4612 temporali
1432 4524 1652 4608 conjunctioni
1676 4521 1859 4610 respondet,
1884 4521 1976 4604 eujus
1992 4541 2067 4584 usus
2082 4540 2182 4582 unum

449 4667 554 4720 exstat
585 4653 780 4740 exemplum,
808 4663 903 4737 atque
927 4648 960 4713 id
985 4647 1114 4735 quidem
1139 4671 1203 4734 prae
1226 4647 1341 4712 ceteris
1364 4646 1510 4733 dignum,
1534 4646 1620 4733 quod
1645 4645 1843 4720 adnotemus,
1869 4643 1943 4730 quia
1965 4663 2064 4727 usqae
2086 4639 2181 4727 parti-

449 4779 522 4844 cula
548 4776 638 4864 qussi
665 4796 724 4861 per
750 4774 970 4859 pleonasmum
999 4783 1032 4836 et
1053 4771 1087 4836 in
1109 4771 1244 4836 relativo
1268 4782 1302 4834 et
1323 4770 1357 4833 in
1380 4769 1632 4835 demonstrativo
1655 4766 1799 4831 membro
1822 4765 1953 4851 ponitur
1978 4763 2092 4828 Heaut.
2120 4761 2181 4824 136

449 4919 652 4932 ,ρ-

553 4986 575 5052 ¹)
593 4988 620 5037 P.
638 4985 761 5035 Terentii
780 4983 840 5032 Alrl
858 4983 1011 5042 Gomaedlae,
1029 4981 1075 5031 adl
1093 4983 1202 5031 cnrsvlt
1219 4981 1249 5030 O.
1269 4980 1431 5035 Stallbsum,
1450 4979 1523 5041 Llps.
1544 4971 1617 5030 1831.
1637 4977 1689 5024 vol.
1703 4975 1730 5022 11
1744 4989 1769 5036 p.
1782 4967 1823 5023 57.
