4752 5724
1844 445 1885 512 15

196 612 337 680 delibero
361 613 430 694 lroc,
456 617 531 680 dum
560 639 616 702 epo
645 617 748 694 redeo,
779 615 858 693 leno,
887 614 942 680 ubi
972 639 1041 704 quae
1070 616 1236 705 qualisque
1265 617 1307 684 sit
1334 617 1527 706 significatio
1554 618 1741 706 temporalis
1768 621 1932 706 particule

192 739 276 804 bene
309 738 407 803 docet
438 739 605 818 Dniatzko,
639 763 737 826 quum
756 739 860 804 dicit:
890 740 986 804 »auch
1014 740 1049 804 in
1077 740 1135 804 der
1163 738 1356 827 Bedeutung
1379 739 1457 803 abis»
1481 739 1567 804 steht
1590 739 1642 803 bei
1666 739 1729 804 den
1754 738 1931 804 Komilrern

152 863 155 870 ⁴
193 859 303 948 haufig
329 859 386 926 der
410 861 584 939 ludikativ,
611 863 751 928 welcher
775 863 907 927 aladann
933 863 989 928 das
1011 863 1140 930 Sichere
1161 862 1218 926 der
1238 862 1415 949 Handlung
1435 862 1638 926 bezeichnet»
1654 862 1688 944 ¹).
1734 862 1932 950 Exemplum

195 998 311 1061 autem,
331 984 366 1048 in
387 1007 451 1071 quo
471 985 635 1048 invenitur
654 986 788 1050 verbum
809 989 1021 1074 eospaotcadi,
1042 987 1203 1074 precipue
1224 986 1358 1072 dignum
1379 1007 1448 1050 esse
1468 985 1606 1062 videtur,
1628 983 1714 1071 quod
1731 985 1930 1062 adnotemus,

197 1108 296 1172 Andr.
313 1109 378 1171 714
395 1120 440 1183 tu,
457 1108 569 1194 Mysis,
587 1110 663 1172 dum
680 1132 763 1186 ecco,
776 1133 955 1197 parumper
971 1113 1118 1197 opperire
1136 1110 1196 1186 lic,
1213 1109 1305 1192 cujus
1322 1108 1464 1196 exempli
1479 1108 1513 1172 in
1525 1106 1775 1172 demonstrativo
1788 1108 1931 1174 membro

196 1229 380 1295 adverbium
404 1230 533 1318 legitur,
558 1231 645 1317 quod
669 1232 838 1320 temporali
862 1232 1026 1320 particular
1048 1231 1232 1320 respondet.

299 1355 343 1418 B.
391 1353 440 1418 De
464 1352 541 1418 dum
565 1355 723 1442 particula
745 1377 818 1419 curn
842 1355 1051 1439 conjunctivo
1074 1355 1202 1419 sociata.

303 1477 331 1540 1.
379 1476 520 1541 Primum
543 1475 584 1540 de
608 1477 648 1541 iis
671 1478 830 1565 exemplis
854 1476 1027 1542 dicendum
1052 1478 1121 1554 erit,
1145 1477 1179 1540 in
1201 1475 1317 1563 quibus
1333 1475 1404 1540 dure
1419 1477 1562 1541 actiones
1576 1499 1634 1564 per
1650 1475 1726 1540 dum
1741 1475 1930 1563 particulam

193 1599 227 1663 in
255 1597 412 1663 relatione
439 1599 551 1687 posita
579 1601 726 1687 praesenti
750 1613 895 1688 tempore
920 1601 1048 1665 evenire
1072 1600 1232 1677 dicuntur,
1256 1622 1355 1686 quum
1378 1601 1412 1663 in
1429 1600 1578 1688 primaria
1592 1599 1817 1664 enunciatione
1839 1621 1929 1662 usur-

193 1734 286 1810 patur
308 1744 456 1808 praesens.
503 1722 553 1787 Ita
574 1746 651 1788 vero
674 1721 873 1810 significatur
895 1745 991 1788 unam
1015 1723 1173 1788 actionem
1197 1721 1237 1787 ad
1252 1722 1287 1786 id
1303 1735 1431 1810 tempus
1445 1722 1591 1810 produci,
1609 1744 1673 1809 quo
1689 1722 1751 1786 alia
1765 1721 1849 1786 actio
1861 1722 1929 1805 jam

192 1844 366 1932 perficitur.
413 1845 452 1909 In
475 1844 726 1910 demonstrativo
750 1859 856 1910 autem
879 1845 1023 1911 membro
1046 1869 1129 1934 saepe
1152 1845 1271 1933 legitur
1294 1844 1426 1910 verbum
1451 1847 1661 1932 exspectandi,
1685 1857 1723 1908 ut
1744 1842 1846 1910 Andr.
1865 1845 1927 1909 977

191 1978 287 2053 etque
314 1968 393 2032 odeo
422 1967 579 2053 imapumst
607 1968 699 2032 illum
726 1993 776 2034 me
803 1981 968 2055 expectare
995 1970 1070 2033 dum
1098 1981 1195 2034 coeat.
1241 1967 1489 2055 Nonnumquam
1518 1967 1565 2045 fit,
1593 1979 1631 2032 ut
1651 1966 1785 2032 verbum
1807 1967 1842 2031 in
1866 1967 1929 2054 pri·

193 2089 291 2153 maria
318 2090 543 2156 enunciatione
573 2091 739 2156 omittatur
765 2105 803 2155 ut
829 2091 946 2156 Heaut.
977 2091 1041 2155 543
1070 2116 1112 2155 aa
1136 2093 1211 2155 dum
1234 2071 1307 2155 ltiuc
1330 2091 1432 2154 denuo
1455 2087 1637 2175 abeatubi
1661 2111 1679 2153 e
1702 2090 1836 2156 vocibus
1860 2113 1930 2176 quae

192 2211 387 2300 precedunt,
415 2212 548 2278 verbum
577 2226 735 2300 exspectat
761 2215 815 2278 vel
842 2215 906 2278 tale
934 2214 1013 2302 quid
1042 2215 1238 2301 cogitatione
1266 2213 1449 2278 addendum
1473 2227 1531 2278 est.
1578 2249 1621 2259 -
1644 2213 1719 2278 Jarn
1742 2235 1837 2300 supra
1859 2213 1928 2277 dixi

193 2333 270 2397 dum
293 2335 480 2421 particulam
504 2358 543 2400 ea
564 2337 707 2414 notione,
732 2336 773 2400 de
797 2359 860 2423 qua
882 2359 967 2400 nune
991 2337 1106 2424 agitur,
1131 2337 1226 2402 etiam
1250 2357 1322 2400 cum
1345 2335 1521 2400 indicativo
1545 2336 1708 2422 praesentia
1724 2336 1927 2420 conjunctam

190 2457 338 2522 inveniri.
386 2457 470 2537 Quid
496 2471 602 2522 autem
626 2459 710 2523 inter
731 2459 804 2523 illas
827 2459 1081 2526 constructiones
1103 2460 1238 2538 intersit,
1260 2459 1357 2523 docet
1371 2459 1514 2546 Madvig,
1531 2481 1630 2545 quum
1647 2457 1741 2522 dicit:
1780 2479 1929 2546 »exspec-

190 2593 256 2644 tare
281 2577 360 2642 dum
383 2581 444 2644 mit
466 2579 540 2644 dem
565 2580 761 2664 Conjunctiv
784 2581 963 2668 entsprioht
986 2582 1060 2648 dem
1084 2582 1261 2647 deutschen
1285 2583 1454 2659 abuorteu,
1479 2583 1552 2644 dosa
1575 2581 1649 2663 (mit
1664 2580 1738 2645 dem
1754 2580 1928 2645 Indicativ:

189 2713 321 2780 werten,
347 2701 477 2786 bis).›²)·

297 2825 383 2890 Adn.
430 2825 598 2890 Interdum
627 2825 674 2904 fit,
703 2841 740 2891 ut
767 2829 951 2894 enunciatio
973 2852 1032 2916 per
1054 2829 1132 2892 dum
1155 2827 1343 2916 particulam
1367 2827 1450 2893 elata
1473 2827 1512 2891 ad
1533 2827 1793 2891 enunciationem
1814 2848 1927 2890 secun·

189 2947 309 3012 dariam
331 2949 498 3026 referatur,
523 2961 560 3012 ut
582 2949 712 3014 Phorm.
737 2952 803 3015 770
826 2963 861 3015 ut
883 2954 925 3015 sit
948 2955 1005 3039 qui
1026 2955 1121 3029 vivat,
1146 2953 1222 3016 dum
1245 2952 1336 3016 aliud
1358 2951 1485 3037 aliquid
1502 2951 1616 3038 stapla·
1638 2952 1797 3039 conficiat,
1813 2950 1847 3013 in
1863 2972 1928 3036 quo

190 3071 343 3156 exemplo
366 3093 459 3135 causa
482 3073 681 3155 conjunctivi
705 3073 828 3161 duplex
852 3097 921 3138 esse
944 3073 1081 3152 videtur,
1105 3097 1178 3152 una,
1203 3073 1288 3162 quod
1313 3097 1332 3138 a
1354 3072 1431 3138 dum
1455 3073 1611 3160 particula
1633 3073 1755 3160 pendet
1777 3085 1872 3159 atque
1888 3072 1928 3136 ab

192 3215 231 3256 ea
251 3192 384 3278 regitur,
409 3192 516 3269 altera,
540 3194 626 3280 quod
650 3196 856 3261 enunciatum
872 3220 930 3284 per
945 3196 1022 3261 dum
1038 3198 1226 3284 particulam
1242 3197 1360 3262 elatum
1377 3196 1416 3260 ad
1433 3195 1653 3260 secundariam
1669 3195 1927 3260 enunciationem

190 3313 338 3392 refertur,
363 3337 434 3400 qua
456 3315 555 3380 habet
576 3318 829 3401 conjunctivum,
854 3319 894 3384 de
919 3343 983 3407 quo
1006 3342 1067 3384 usu
1090 3343 1185 3408 supra
1208 3333 1256 3383 est
1279 3318 1411 3384 dictum.

298 3439 327 3500 2.
373 3435 503 3502 Deinde
530 3437 572 3502 de
595 3440 635 3504 iis
659 3443 817 3529 exemplis
840 3442 955 3520 dicam,
979 3444 1012 3508 in
1037 3443 1151 3529 quibus
1174 3442 1244 3506 duae
1267 3443 1409 3507 actiones
1432 3464 1491 3530 per
1513 3440 1590 3505 dum
1613 3441 1801 3528 particulam
1824 3441 1858 3504 in
1877 3463 1926 3504 re·

187 3559 309 3624 latione
333 3561 446 3647 positae
469 3562 579 3626 futuro
602 3577 747 3652 tempore
772 3580 933 3631 eventurae
956 3589 1025 3630 esse
1049 3565 1209 3630 dicuntur
1255 3566 1305 3630 Ita
1327 3587 1404 3629 vero
1427 3564 1626 3652 significatur
1647 3585 1744 3628 unam
1767 3563 1926 3628 actionem

192 3679 231 3744 ad
247 3681 281 3744 id
296 3695 424 3770 tempus
440 3683 633 3772 productum
648 3687 698 3766 iri,
716 3710 780 3774 quo
796 3688 859 3753 alia
874 3690 958 3752 actio
969 3689 1036 3774 jam
1053 3688 1246 3776 perficietur.
1286 3687 1387 3772 Cujus
1402 3709 1478 3752 usus
1493 3710 1593 3751 unum
1609 3699 1715 3751 exstat
1729 3685 1925 3774 exemplum,

190 3803 246 3867 ubi
273 3803 393 3891 legitur
420 3809 607 3897 conjugatio
636 3811 874 3899 periphrastiea,
903 3836 973 3900 quae
1001 3825 1142 3890 vocatur,
1172 3833 1242 3899 quse
1268 3811 1359 3877 verbi
1387 3809 1491 3878 forma
1518 3833 1536 3874 e
1559 3810 1592 3873 vi
1616 3821 1649 3874 et
1671 3822 1784 3874 natura
1805 3831 1862 3873 sua
1885 3807 1925 3873 ad

189 3939 317 4014 tempus
348 3929 493 3995 futurum
525 3944 658 4020 spectat,
687 3933 816 3999 Phorm.
845 3937 911 3999 480
938 3959 1165 4023 montanaque
1187 3947 1341 4022 patruom
1363 3945 1461 4021 poter
1492 3944 1546 4009 eat,
1575 3933 1651 3996 dum
1679 3932 1740 3996 luc
1766 3933 1924 3996 adueniat.

294 4048 382 4115 Adn.
429 4056 461 4118 A
484 4077 548 4141 quo
581 4079 641 4120 usu
673 4080 738 4121 non
771 4058 908 4122 multum
941 4058 1050 4124 abesae
1082 4058 1212 4122 videtur
1243 4079 1280 4121 ea
1312 4056 1441 4121 dicendi
1469 4055 1560 4132 ratic,
1589 4077 1688 4142 quum
1716 4055 1750 4118 in
1778 4055 1927 4141 primaria

188 4173 413 4238 enunciatione
443 4175 561 4263 legitur
586 4179 795 4266 imperativus
817 4181 992 4269 presentis,
1017 4203 1087 4268 que
1109 4179 1200 4244 verbi
1224 4179 1327 4244 forma
1349 4177 1389 4242 ad
1412 4191 1540 4265 tempus
1563 4177 1708 4242 lutrarum
1731 4189 1865 4264 spectat,
1887 4189 1927 4241 ut

186 4295 269 4358 Eun.
295 4297 358 4360 535
383 4309 418 4361 ot
442 4310 475 4362 ta
496 4302 585 4387 opud
599 4324 656 4365 nor
672 4302 724 4366 lie
738 4326 839 4380 mone,
857 4307 932 4368 dum
948 4307 1055 4369 redeat
1071 4308 1151 4391 ipso.
1192 4303 1265 4366 Huc
1281 4315 1386 4366 autem
1404 4301 1500 4366 etiam
1517 4300 1703 4388 exemplum
1718 4298 1924 4364 referendum

186 4429 244 4495 est,
274 4418 367 4502 cujus
393 4421 428 4485 in
456 4423 606 4510 primaria
634 4426 859 4490 enunciatione
888 4427 1007 4515 legitur
1035 4427 1260 4512 conjunctivus
1288 4425 1474 4502 hortativus,
1504 4423 1559 4511 qui
1584 4424 1708 4510 etipse
1732 4422 1772 4487 ad
1796 4437 1924 4510 tempus

186 4539 329 4604 futurum
354 4554 489 4628 spectat,
512 4557 549 4608 ut
571 4545 674 4610 Andr.
700 4548 765 4611 980
787 4572 827 4612 ue
849 4552 1025 4637 expectetis,
1050 4552 1125 4614 dum
1148 4559 1258 4614 caeam
1281 4548 1350 4611 luc.

290 4795 311 4861 ¹)
329 4799 358 4848 0.
381 4801 528 4852 Dalatako:
552 4807 747 4870 Ansgevtthlte
770 4809 924 4860 Komddlen
947 4810 998 4860 des
1019 4811 1046 4863 P,
1069 4805 1924 4868 TerantlusAtanawelteaBtndchen,adelphoa,1·etpatg

185 4893 260 4959 1881,
277 4914 304 4962 p.
322 4896 364 4950 35.

287 4999 312 5064 ²)
329 5002 448 5068 Madvig,
468 5006 645 5059 Latelnlsche
665 5011 858 5074 Sprachlehre,
877 5013 1091 5075 Braunschwelg
1109 5007 1184 5066 18⁴4,
1195 5025 1228 5074 p.
1245 5006 1303 5060 ³2¹2.
