4752 5724
322 1500 462 1648 Nostra
494 1591 585 1644 aetate
614 1578 797 1666 quicunque
827 1577 1004 1642 Graecarum
1033 1589 1066 1642 et
1092 1575 1279 1642 Latinarum
1307 1575 1483 1640 litterarum
1512 1575 1618 1640 studia
1645 1577 1889 1664 amplectuntur,
1918 1577 1952 1641 in

216 1725 253 1764 eo
287 1701 438 1766 videntur
472 1702 652 1766 consentire
687 1701 798 1766 harum
833 1701 1013 1787 linguarum
1048 1699 1268 1788 grammaticas
1302 1711 1371 1762 tum
1400 1697 1529 1762 demum
1557 1699 1716 1786 perfectas
1744 1712 1778 1764 et
1804 1699 1952 1764 omnibus

215 1825 354 1889 numeris
382 1825 542 1889 absolutas
565 1824 645 1902 fore,
670 1848 769 1912 quum
793 1824 976 1911 priusquam
1000 1823 1040 1888 de
1063 1835 1132 1887 toto
1156 1844 1301 1886 sermone
1325 1821 1359 1884 in
1382 1821 1566 1886 universum
1590 1822 1679 1908 leges
1702 1823 1951 1916 conscribantur,

215 1947 389 2034 diligenter
415 1948 644 2034 investigatum
672 1947 781 2024 fuerit,
810 1969 907 2034 quern
934 1967 1037 2024 usum,
1062 1968 1156 2032 quam
1181 1943 1311 2008 dicendi
1333 1944 1490 2008 rationem
1513 1944 1633 2032 singuli
1657 1946 1827 2032 scriptores
1850 1946 1952 2011 secuti

215 2071 288 2133 sint.
336 2071 412 2149 Quae
435 2094 485 2134 ras
508 2093 607 2158 quum
631 2071 805 2136 multorum
828 2092 940 2134 manus
964 2082 997 2133 et
1019 2069 1131 2132 oculos
1155 2066 1335 2131 desiderare
1359 2065 1532 2145 videretur,
1557 2090 1618 2154 ego
1641 2091 1779 2155 quoque,
1798 2083 1951 2155 quantum

214 2193 316 2278 potui,
352 2193 428 2258 huic
462 2195 508 2258 rei
543 2217 672 2280 operam
700 2216 804 2257 meam
832 2192 906 2256 dare
930 2191 1029 2268 volui,
1054 2191 1096 2255 ob
1120 2213 1253 2276 eamque
1278 2212 1404 2254 eausam
1432 2213 1530 2276 quum
1554 2191 1622 2274 jam
1649 2191 1773 2278 aliquot
1795 2215 1894 2256 annos
1917 2193 1952 2256 in

215 2314 332 2378 fabulis
367 2315 512 2380 Terentii
547 2315 695 2403 legendis
728 2328 871 2379 versatus
906 2337 1018 2392 essem,
1054 2313 1254 2401 opusculum,
1290 2313 1317 2376 si
1351 2336 1488 2400 possem,
1524 2313 1564 2376 de
1599 2315 1727 2398 syntaxi
1759 2315 1952 2380 Terentiana

213 2437 413 2503 conscribere
438 2438 576 2502 decrevi.
625 2441 674 2502 Ae
697 2438 816 2526 scripta
838 2437 982 2503 Terentii
1006 2460 1069 2524 prae
1093 2435 1208 2500 ceteris
1232 2434 1332 2522 digna
1354 2458 1422 2499 esse
1447 2435 1638 2514 existimavi,
1664 2459 1733 2524 quae
1757 2461 1776 2502 a
1797 2461 1849 2502 me
1870 2451 1950 2503 trae·

212 2574 364 2638 tarentur,
400 2561 538 2647 primum
573 2561 658 2647 quod
693 2563 829 2649 scriptor
862 2561 919 2625 ille
954 2558 1141 2647 antiquioris
1176 2557 1275 2622 aetatis
1310 2571 1394 2622 esset
1428 2559 1469 2623 ob
1504 2582 1638 2647 eamque
1668 2584 1736 2625 rem
1764 2561 1848 2649 apud
1878 2585 1950 2627 eum

214 2683 373 2748 nascentis
400 2705 477 2746 usus
504 2684 607 2770 prima
632 2684 770 2770 vestigia
797 2685 893 2748 ctiam
921 2706 1007 2746 nunc
1035 2693 1207 2758 exstarent,
1237 2680 1355 2745 deinde
1384 2681 1471 2767 quod
1500 2683 1600 2747 oratio
1629 2685 1699 2768 ejus
1726 2708 1791 2748 non
1818 2707 1887 2748 raro
1911 2684 1951 2749 ad

213 2829 314 2870 aureae
346 2807 446 2870 aetatis
479 2807 655 2870 orationem
684 2829 778 2892 quarn
806 2806 953 2893 proxime
982 2804 1158 2869 accederet.
1210 2803 1315 2883 Quum
1344 2816 1451 2869 autern
1475 2807 1543 2888 jam
1571 2805 1610 2869 ad
1640 2830 1720 2894 opus
1748 2807 1949 2894 adgrederer,

212 2929 316 3015 reperi
356 2930 442 2992 viros
477 2928 679 2993 doctissimos
714 2929 755 2993 de
789 2929 916 3014 syntaxi
951 2928 1144 2992 Terentiana
1177 2927 1294 2990 multos
1326 2926 1425 2991 libros
1458 2939 1553 3014 atque
1587 2952 1642 2993 eos
1675 2931 1949 3015 praestantissimos

212 3053 448 3138 conscripsisse.
497 3051 574 3130 Quae
611 3074 770 3138 quamque
809 3051 910 3115 multa
944 3050 984 3115 de
1018 3050 1068 3114 his
1103 3049 1197 3114 rebus
1229 3050 1347 3136 scripta
1383 3065 1499 3127 essent,
1534 3066 1571 3115 ut
1602 3053 1845 3139 perspiceretur,
1880 3077 1948 3118 non

213 3173 352 3236 alienum
382 3197 450 3238 esse
483 3174 593 3259 putavi
616 3173 678 3237 hoe
701 3174 773 3238 loco
797 3196 852 3238 eos
876 3172 974 3237 libros
998 3195 1194 3249 enumerare,
1220 3171 1337 3258 quibus
1361 3172 1507 3258 legendis
1532 3173 1683 3260 equidem
1708 3177 1780 3262 cepi
1803 3157 1951 3263 magnam

213 3307 247 3358 et
269 3296 443 3360 utilitatem
467 3309 500 3359 et
524 3295 781 3370 delectationem.

324 3418 476 3481 Omnium
500 3418 639 3505 primum
663 3403 792 3482 afferam
816 3418 1109 3506 praestantissimum
1133 3439 1215 3503 opus
1238 3415 1365 3481 Holtza'i
1378 3417 1414 3498 ¹),
1439 3441 1503 3505 quo
1526 3431 1594 3484 tota
1617 3421 1760 3506 syntaxis
1775 3422 1951 3508 priscorum

212 3541 402 3628 scriptorum
437 3540 609 3605 latinorum
644 3553 805 3619 tractatur,
841 3543 897 3628 qui
931 3542 1013 3606 liber
1046 3541 1096 3618 iis,
1125 3540 1181 3626 qui
1208 3539 1259 3602 his
1286 3539 1494 3626 scriptoribus
1522 3565 1651 3629 operam
1680 3542 1767 3620 dant,
1792 3544 1950 3630 optimum

213 3662 332 3748 praebet
367 3663 533 3726 auxilium.
581 3663 708 3727 Deinde
743 3665 892 3728 nonnulli
926 3686 991 3726 non
1027 3661 1067 3728 de
1102 3674 1170 3726 tota
1204 3661 1341 3748 syntaxi,
1377 3661 1432 3725 sed
1468 3662 1508 3726 de
1544 3665 1680 3750 singulis
1708 3665 1851 3752 partibus
1879 3669 1949 3752 ejus

213 3784 381 3870 separatim
416 3786 620 3872 seripserunt.
667 3786 717 3850 Ita
750 3809 826 3849 vero
861 3785 979 3872 Liebig
991 3786 1017 3865 ²)
1054 3784 1094 3849 de
1129 3785 1265 3872 genitivi
1300 3807 1370 3862 usu,
1406 3784 1579 3850 Heinriehs
1592 3785 1617 3868 ³)
1652 3786 1692 3851 de
1721 3789 1852 3853 ablativi
1879 3813 1950 3868 usu,

213 3907 365 3971 Scbaeffer
376 3905 402 3989 ⁴)
439 3908 479 3971 de
514 3908 776 3996 praepositionum
810 3932 871 3973 usu
905 3908 1074 3996 separatim
1109 3907 1314 3994 scripserunt.
1372 3906 1422 3970 Ita
1456 3919 1563 3972 autern
1599 3906 1639 3971 de
1676 3909 1955 3976 enunciationibus

212 4029 484 4094 conditionalibus
513 4030 768 4096 dissertationem
792 4032 919 4118 scripsit
940 4031 1108 4118 Liebig⁵).
1156 4031 1206 4093 lta
1227 4051 1303 4092 vero
1328 4027 1368 4092 de
1391 4052 1451 4092 usu
1474 4031 1700 4116 particularum
1725 4034 1950 4120 temporalium

210 4152 338 4239 scripsit
366 4150 471 4215 Grbhe
485 4147 523 4233 ⁸),
552 4176 615 4238 quo
642 4153 725 4217 libro
753 4176 864 4217 omnes
887 4154 1131 4238 conjunctiones
1154 4151 1347 4238 temporales
1369 4153 1517 4215 tractavit
1539 4154 1704 4239 particulis
1728 4157 1813 4232 dum,
1839 4159 1947 4234 donec,

213 4305 416 4315 ——-—

315 4389 334 4450 ¹)
353 4391 462 4451 Holtss,
486 4391 616 4455 syntaxis
639 4393 790 4455 priscorum
814 4395 979 4457 scriptorum
997 4395 1147 4443 latinorum
1165 4409 1252 4458 usqne
1272 4394 1306 4445 ad
1323 4395 1491 4444 Terentium.
1510 4397 1563 4445 vol.
1583 4391 1656 4456 1-2,
1675 4397 1748 4460 Lips.
1770 4391 1946 4449 iter-1862.

312 4490 334 4555 ²)
353 4493 458 4556 Liabig‚
477 4493 518 4542 Da
536 4495 662 4556 genetivi
680 4507 731 4544 usu
750 4495 927 4555 Terentiano,
947 4493 1021 4544 Oels.
1040 4489 1114 4545 1853.

312 4591 334 4654 ³)
354 4593 510 4650 Heinricha
530 4595 570 4644 De
590 4595 707 4644 ablativi
726 4595 799 4658 apud
818 4597 977 4645 Terentium
996 4611 1047 4646 usn
1066 4600 1096 4646 et
1113 4597 1230 4657 ratione,
1249 4593 1443 4660 urbrng1859.

311 4691 334 4756 ⁴)
352 4693 491 4754 Schaaffar,
515 4694 762 4746 Commentationls
786 4696 821 4746 ds
844 4711 895 4746 usn
917 4699 1143 4760 prepositionnm
1166 4699 1333 4748 Terentiano
1356 4703 1427 4762 part.
1451 4701 1472 4759 Ι,
1496 4700 1612 4749 Stendal
1638 4697 1709 4762 1848,
1732 4717 1787 4766 quo
1811 4705 1942 4766 librent,

211 4806 252 4848 en,
271 4793 312 4848 de,
329 4793 375 4854 ad,
391 4797 421 4843 in
439 4798 648 4858 prepositiones
667 4800 833 4848 tractantur.
869 4799 992 4848 Alteram
1010 4803 1104 4850 antam
1122 4804 1230 4863 partam
1247 4799 1330 4864 huius
1349 4803 1440 4864 operis
1459 4816 1515 4851 non
1532 4804 1636 4852 inveni.

313 4892 335 4957 ⁵)
354 4895 459 4960 Lisbig,
478 4899 528 4948 Dis
546 4897 781 4962 hypothetisehen
800 4899 881 4949 Setae
901 4901 947 4949 bei
963 4899 1077 4950 Terens.
1112 4901 1216 4951 Goriltr
1237 4896 1309 4952 1863.

312 4993 336 5051 θ)
355 4995 454 5052 Grohe.
473 4997 658 5057 Quaestionum
677 4999 713 5049 (is
731 5014 782 5050 usu
800 5001 967 5051 Terentiano
986 5002 1185 5073 particularum
1203 5003 1396 5066 temporalium
1414 5017 1479 5068 pars
1497 5005 1580 5067 prior.
1615 5006 1762 5056 Vratislav.
1783 5003 1856 5056 1867.
