4752 5724
1882 471 1900 534 7

315 655 481 719 Postremo
505 650 544 716 ad
569 651 719 738 exempla
746 661 882 726 transeo,
905 649 940 712 in
964 648 1079 734 quibus
1104 645 1178 710 dum
1197 643 1354 733 particula
1369 669 1441 709 cum
1457 646 1563 710 verbis
1579 647 1612 710 in
1629 645 1818 733 imperativo
1835 643 1948 730 positia

208 778 425 863 conjungitur.
464 777 514 839 Ita
536 796 612 838 vero
635 774 712 837 dum
735 773 891 859 particula
914 794 996 858 aaepe
1020 770 1209 855 imperativo
1233 770 1397 856 praesentia
1420 769 1571 853 adjuncta
1590 769 1762 846 invenitur,
1788 779 1825 831 ut
1845 765 1947 831 Andr.

210 903 251 964 29
277 901 351 964 adea
375 901 460 974 dum,
484 897 540 961 ubi
564 896 604 960 de
628 919 688 959 uau
711 895 807 980 hujus
825 894 988 981 particulae
1006 893 1102 956 docet
1118 891 1274 977 Spengel:
1291 890 1354 954 Die
1370 891 1546 977 temporale
1562 890 1710 956 Parlikel·
1722 889 1808 966 dum,
1825 889 1948 953 welche

210 1020 278 1084 sich
311 1020 371 1083 wie
399 1020 432 1082 in
460 1016 604 1081 nondum
633 1014 805 1079 enklitisch
835 1013 1032 1090 anschlieeat‚
1062 1013 1186 1078 onthalt
1213 1013 1276 1077 den
1305 1013 1433 1100 Begriff
1457 1013 1544 1077 »eine
1573 1013 1694 1078 Weile»
1724 1011 1791 1076 und
1818 1011 1951 1076 mildert

211 1142 272 1206 den
297 1140 424 1217 Belem,
449 1139 509 1203 wie
534 1138 614 1202 auch
638 1139 696 1201 wir
719 1137 820 1202 durch
843 1135 1082 1224 Hinzufugung
1097 1159 1160 1200 von
1178 1136 1287 1201 »einen
1304 1135 1538 1222 Augcnbliolo,
1556 1136 1713 1210 »cinmal›,
1731 1136 1798 1199 >ein
1814 1135 1947 1222 wenig»,

211 1264 359 1330 ahnliohe
382 1262 576 1350 Imperative
600 1284 639 1323 zu
663 1259 799 1323 mildern
823 1259 953 1347 pflegon
970 1258 1004 1340 ¹).
1052 1259 1101 1323 Ita
1124 1282 1199 1322 vcro
1223 1281 1296 1322 cum
1320 1259 1374 1322 abi
1396 1259 1586 1344 imperativo
1608 1257 1815 1344 conjungitur
1830 1257 1947 1321 Heaut.

212 1389 275 1450 249
306 1385 360 1448 aba·
388 1386 463 1447 deam
493 1395 525 1446 tu
554 1419 595 1428 -
625 1382 690 1446 illia
719 1383 853 1446 obviam.
900 1381 1035 1445 Duobus
1062 1393 1168 1444 autem
1192 1381 1272 1444 locis
1294 1403 1386 1444 mooe
1408 1381 1597 1468 imperativo
1621 1380 1777 1467 particula
1799 1377 1951 1464 adjuncta

211 1507 375 1572 invenitur
405 1505 521 1570 Heaut.
558 1505 623 1568 890
658 1527 749 1568 moue
776 1506 862 1580 clam,
892 1503 972 1567 Hoc.
1003 1504 1067 1566 844
1096 1525 1187 1566 moue
1215 1504 1290 1566 dam
1317 1504 1415 1577 sodes,
1444 1503 1586 1589 itemque
1616 1502 1741 1566 duobus
1769 1502 1848 1567 locia
1876 1525 1948 1566 cum

217 1632 269 1694 dio
300 1629 489 1715 imperativo
525 1627 735 1712 conjungitur
770 1626 853 1690 Eun.
887 1627 947 1690 707
981 1627 1032 1689 dic
1060 1627 1136 1688 dum
1165 1626 1222 1688 loc
1250 1649 1385 1700 aureum,
1415 1625 1496 1688 Hoc.
1527 1626 1591 1689 803
1620 1627 1672 1689 dic
1696 1627 1771 1690 dum
1794 1648 1897 1712 quoeao
1913 1624 1948 1707 ¹).

216 1752 361 1830 Quatuor
382 1772 459 1814 vero
482 1749 562 1813 locis
586 1773 658 1813 cum
682 1773 740 1835 oye
762 1749 952 1836 imperativo
969 1748 1177 1835 conjungitur
1192 1748 1275 1811 Eun.
1293 1749 1357 1811 694
1374 1771 1432 1834 ape
1448 1750 1523 1812 dum
1539 1749 1597 1813 laoc
1611 1751 1657 1812 mi
1672 1751 1786 1836 eupedi
1795 1751 1949 1835 primam.

211 1873 329 1938 Heaut.
359 1873 424 1936 310
452 1895 510 1958 ape
539 1873 614 1934 dam
642 1909 683 1916 —
714 1873 775 1934 dic.
822 1870 950 1934 Phorm.
980 1872 1045 1934 784
1074 1893 1132 1955 ape
1159 1873 1234 1934 dum
1258 1907 1299 1916 -
1318 1871 1389 1958 foc,
1413 1872 1447 1936 in
1472 1871 1588 1958 quibua
1611 1872 1769 1960 exemplis
1793 1896 1851 1959 aye
1874 1876 1950 1936 dum

212 1995 369 2060 vocabula
391 2018 464 2058 cum
488 1995 551 2058 alio
574 1993 764 2080 imperativo
788 1994 1042 2080 conjungrmtur3
1066 2016 1167 2056 unum
1190 2005 1296 2058 autem
1321 1994 1505 2081 exemplum
1528 1994 1701 2072 invenitur,
1725 1995 1782 2059 ubi
1804 1996 1949 2082 sequitur

212 2117 405 2182 indicativus
429 2116 592 2204 praeeentie
615 2115 697 2179 Hac.
722 2117 786 2180 315
812 2139 872 2202 ope
896 2117 981 2192 dum,
1008 2117 1051 2178 ad
1068 2116 1157 2202 soria
1177 2117 1290 2180 accedo
1300 2119 1448 2203 propias.
1487 2116 1735 2203 Nonnumquam
1751 2131 1857 2181 autem
1874 2117 1951 2182 dum

217 2239 372 2327 particula
395 2261 467 2302 cum
490 2237 680 2324 imperativo
703 2239 804 2302 futuri
828 2239 1046 2326 conjungam,
1070 2250 1107 2301 ut
1130 2237 1245 2301 Heaul.
1269 2239 1333 2302 550
1345 2240 1452 2326 facito
1469 2241 1544 2302 dum
1560 2242 1667 2304 eadem
1684 2241 1747 2304 hoc
1762 2244 1949 2306 menineris.

214 2363 332 2427 Phorm
356 2362 420 2425 329
446 2363 520 2425 aedo
544 2363 629 2437 dum,
654 2384 724 2447 quae
746 2361 836 2425 verbi
860 2361 963 2425 forma
985 2384 1044 2449 pro
1068 2363 1169 2425 aedito
1193 2373 1354 2426 contracta
1377 2374 1433 2426 eet.

320 2483 407 2548 Adn.
454 2486 487 2546 A
510 2505 574 2569 quo
597 2506 657 2547 unu
680 2485 825 2570 proxime
850 2483 1002 2548 accedere
1026 2484 1154 2548 videtur
1177 2507 1214 2547 ea
1237 2483 1366 2548 dicendi
1389 2485 1479 2562 ratio,
1497 2507 1596 2571 quum
1612 2484 1689 2548 dum
1704 2487 1861 2573 particula
1876 2509 1949 2552 curn

204 2608 273 2696 ¹eleo
297 2607 523 2690 interjectione
547 2607 755 2693 conjungitur
776 2607 831 2684 ita,
855 2618 892 2670 ut
915 2606 970 2671 fiat
993 2607 1050 2670 eho
1074 2608 1159 2682 dum,
1184 2629 1254 2692 quae
1276 2607 1397 2672 locutio
1422 2606 1536 2670 eodem
1560 2607 1629 2671 fere
1653 2607 1749 2672 modo
1773 2621 1868 2696 atque
1892 2633 1951 2696 oye

216 2731 291 2792 dum
325 2740 502 2813 usurpatur.
537 2727 631 2793 ·Nam
667 2729 750 2793 sicut
777 2729 854 2806 haec,
882 2730 928 2793 ita
956 2729 1051 2793 eliam
1079 2729 1137 2792 illa
1164 2751 1236 2792 cum
1264 2728 1453 2815 imperativo
1482 2729 1606 2794 duobus
1634 2731 1715 2795 locia
1742 2733 1951 2820 conjungitur

215 2850 318 2915 Andr.
354 2852 419 2916 324
443 2852 500 2916 edo
525 2853 600 2914 dum
624 2853 676 2914 dio
698 2851 788 2914 milei.
836 2851 921 2916 Eun.
946 2852 1011 2915 360
1036 2853 1092 2916 eho
1117 2854 1191 2915 dum
1215 2853 1267 2915 dic
1289 2851 1378 2916 mili.
1426 2851 1500 2916 Uno
1523 2864 1629 2918 autem
1654 2854 1727 2918 loco
1749 2854 1807 2918 illa
1828 2855 1951 2920 locutio

215 2973 285 3038 aine
314 2974 507 3062 imperativo
531 2975 650 3061 legitur
677 2973 779 3038 Andr.
811 2975 874 3038 184
897 2974 971 3038 Eho
996 2976 1071 3038 dum
1094 2975 1217 3050 adme,
1242 2974 1298 3039 ubi
1322 2975 1464 3062 Spengel
1488 2975 1533 3062 (p.
1558 2975 1615 3057 36)
1639 2989 1725 3042 recte
1749 2978 1817 3042 haeo
1840 2977 1949 3044 docet:

217 3098 286 3158 »An
311 3095 378 3172 eho,
402 3095 543 3160 welches
566 3119 627 3158 nur
648 3096 708 3159 mit
731 3096 837 3160 einem
861 3095 1035 3184 Imperativ
1052 3095 1130 3160 oder
1146 3097 1251 3161 oinem
1267 3097 1436 3184 Frageeata
1452 3097 1486 3162 in
1503 3097 1718 3186 Verbindung
1733 3113 1837 3166 treton
1854 3101 1949 3180 kann,

217 3215 365 3280 schlieeot
388 3217 457 3281 nich
482 3219 557 3281 dum
580 3217 751 3282 enklitiech
776 3242 825 3282 an.
872 3219 931 3282 Bei
955 3219 1060 3284 dieser
1083 3219 1326 3307 Aufforderung
1350 3220 1433 3284 kann
1458 3220 1515 3285 der
1538 3221 1711 3309 imperativ
1734 3223 1814 3286 auch
1839 3224 1948 3288 sehlen

216 3339 278 3403 wie
302 3339 347 3403 im
372 3339 583 3405 Deuuchen».
610 3341 705 3405 ‘Jam
729 3340 768 3404 ad
792 3341 1085 3424 conjunctionalem
1108 3365 1200 3407 usum
1216 3341 1312 3426 hujus
1327 3343 1491 3430 particula
1507 3343 1753 3409 describendum
1769 3369 1949 3434 pergamus.

322 3543 341 3608 ¹)
361 3547 391 3596 Δ.
411 3548 546 3610 Spengel:
564 3549 616 3597 Dle
636 3549 786 3600 eomodien
806 3548 856 3596 der
874 3547 902 3596 P.
921 3547 1075 3610 Terentlua,
1094 3547 1188 3598 Erotes
1207 3549 1372 3598 Bandoben:
1392 3549 1504 3608 Andria,
1522 3565 1548 3615 p.
1569 3548 1607 3600 ll.
1645 3551 1736 3601 Rorlln
1757 3548 1831 3603 1875.

318 3645 340 3706 ²)
359 3647 418 3697 Hoc
437 3649 499 3698 loco
518 3649 684 3698 Fleckeisen
703 3649 762 3698 dioc
781 3649 843 3697 dam
861 3649 1011 3712 legendum
1031 3663 1091 3700 aare
1110 3654 1216 3699 censet.
