4752 5724
480 430 521 491 12

539 604 568 664 2.
615 599 743 665 Deinde
767 601 917 689 exempla
939 601 1156 691 inspiciamus,
1180 603 1213 667 in
1238 603 1354 689 quibus
1378 614 1524 689 tempora
1546 601 1706 690 praeterits
1729 601 1946 665 inveniuntur.

538 727 572 800 a)
596 722 739 786 Primum
763 723 803 787 de
828 725 908 788 loeis
932 724 1047 804 dicam,
1071 726 1127 791 ubi
1151 727 1303 813 leguntur
1326 724 1480 801 absoluta,
1499 747 1568 812 quae
1585 735 1749 801 vocentur,
1766 735 1912 810 tempore
1929 723 2088 811 preterito
2102 723 2123 786 i.
2142 747 2170 788 e.

431 869 568 933 praesens
603 857 637 909 et
670 845 851 933 perfeetum
886 847 1083 913 historicum.
1131 849 1272 928 Quorum
1301 861 1483 935 temporum
1510 846 1666 912 relatione
1694 846 1855 911 indicetur
1883 845 1998 911 eodem
2025 857 2170 934 tempore

431 969 601 1057 praeterito,
636 992 700 1056 quo
736 971 843 1056 aliqua
870 971 953 1034 sotio
981 971 1126 1059 perfeeto
1153 971 1261 1048 fuerit,
1291 971 1389 1036 etiam
1412 971 1507 1035 sliam
1530 971 1689 1035 sotionem
1713 969 1890 1058 perfectam
1913 969 2024 1036 fuisse.
2069 969 2171 1054 Cujus

431 1115 506 1157 usus
531 1091 595 1156 duo
619 1104 695 1157 sunt
716 1116 836 1180 genera
858 1093 1078 1158 discernenda.

539 1213 571 1296 α)
595 1215 632 1279 In
657 1215 806 1301 primaria
829 1215 1054 1279 enunciatione
1079 1215 1241 1278 invenitur
1263 1216 1443 1302 perfeetum
1468 1216 1666 1292 historicum,
1691 1239 1790 1303 quum
1814 1215 1846 1279 in
1868 1214 2056 1280 secundaria
2071 1239 2171 1280 enun-

432 1337 570 1402 eistione
595 1338 714 1426 legitur
737 1360 883 1426 praesens.
931 1337 1073 1401 Primum
1096 1338 1296 1402 afferendum
1320 1350 1369 1403 est
1389 1340 1585 1426 exemplum,
1603 1339 1695 1422 eujus
1710 1339 1744 1402 in
1761 1338 2011 1402 demonstrativo
2028 1338 2171 1402 membro

431 1460 618 1525 adverbium
635 1461 807 1537 invenitur,
821 1460 907 1547 quod
925 1461 1146 1545 conjunctioni
1163 1463 1332 1549 temporin
1347 1461 1532 1550 respondet,
1550 1461 1666 1526 Heaut.
1685 1463 1749 1525 983
1766 1473 1795 1525 et
1811 1484 1908 1548 usque
1923 1461 1959 1524 id
1975 1463 2026 1546 epi
2041 1463 2172 1536 dudum,

433 1585 508 1646 dum
533 1583 676 1670 quuitur
693 1595 799 1670 poter.
845 1583 1041 1670 Exemplum
1066 1595 1182 1662 sutem,
1207 1585 1240 1648 in
1262 1609 1326 1672 quo
1347 1587 1410 1650 tale
1433 1585 1620 1649 adverbium
1636 1607 1700 1649 non
1718 1585 1846 1672 legitur,
1863 1583 2026 1648 invenitur
2042 1583 2170 1648 Phorm.

433 1707 475 1769 76
499 1707 566 1770 seni
585 1706 696 1796 fidelis
721 1707 795 1768 dum
818 1729 897 1782 sum,
921 1705 1068 1794 scapulas
1087 1708 1229 1794 per-didi.

539 1826 570 1912 β)
594 1829 632 1892 In
656 1841 792 1914 utroque
816 1828 959 1892 membro
982 1828 1163 1915 perfectum
1186 1829 1374 1896 historicum
1399 1831 1526 1917 legitur,
1549 1831 1641 1914 eujus
1657 1853 1732 1893 usus
1749 1830 1899 1917 exempla
1913 1829 2120 1894 inveniuntur
2136 1827 2169 1910 ¹):

434 1951 514 2016 Heo.
539 1951 603 2014 459
627 1974 702 2014 sane
725 1951 827 2015 hercle.
850 1951 941 2015 bomo
965 1951 1124 2038 voluptati
1147 1953 1314 2039 obsequens
1332 1954 1413 2040 fuit,
1439 1956 1514 2016 dum
1537 1955 1628 2028 vixit,
1652 1952 1732 2016 ibid.
1758 1953 1821 2016 594
1838 1954 1914 2015 dum
1933 1955 2035 2016 oetatis
2053 1964 2172 2040 ternpm

435 2074 518 2149 tulit,
539 2075 714 2161 perfuncta
736 2075 812 2138 sotis
835 2097 913 2137 sum.
937 2073 1017 2138 ibid.
1043 2075 1105 2139 887
1132 2097 1188 2162 eqo
1212 2077 1287 2139 dum
1308 2076 1366 2140 illo
1384 2076 1544 2152 licitum,
1561 2101 1618 2139 usa
1632 2100 1701 2139 sum
1719 2077 1850 2162 deniquo
1867 2087 1895 2140 et
1913 2075 2019 2164 lepido
2036 2087 2064 2138 et
2081 2077 2170 2139 comi.

434 2196 536 2262 Andr.
568 2198 630 2261 188
660 2199 736 2260 dum
765 2209 885 2284 ternpus
914 2199 957 2260 ad
985 2221 1052 2261 eam
1081 2221 1146 2297 rent
1175 2199 1259 2274 tulit,
1287 2174 1351 2263 eiiii
1378 2201 1518 2262 animum
1547 2211 1582 2262 ut
1611 2199 1748 2286 expleret
1775 2220 1873 2262 suom.
1898 2197 1977 2262 ibid.
2007 2199 2072 2261 443
2097 2199 2171 2260 dum

435 2319 585 2384 licitumst
609 2321 638 2384 ei
661 2321 798 2406 dumque
820 2332 895 2383 oetus
919 2320 1002 2396 tulit,
1027 2322 1154 2384 amavit.
1178 2320 1258 2386 ibid.
1285 2324 1348 2386 832
1373 2324 1487 2411 incepi,
1512 2324 1587 2385 dum
1610 2345 1659 2386 res
1683 2321 1796 2385 tetulit.

543 2445 575 2522 b)
599 2443 673 2508 Jem
701 2442 741 2506 ad
766 2467 804 2506 ea
827 2443 976 2530 exempla
999 2455 1204 2522 transeamus,
1228 2445 1262 2509 in
1287 2445 1402 2532 quibus
1425 2445 1634 2510 inveniuntur
1656 2445 1800 2521 relative,
1825 2467 1895 2531 quae
1911 2455 2075 2520 vocantur,
2092 2454 2172 2507 tem·

435 2589 513 2653 pora
534 2565 701 2654 preterita.

542 2685 574 2766 α)
603 2685 641 2748 In
668 2697 805 2772 utroque
833 2686 976 2750 membro
1005 2687 1123 2775 legitur
1150 2689 1386 2776 imperfectum.
1434 2691 1505 2771 Quo
1533 2690 1663 2755 dicendi
1693 2713 1811 2778 genere
1834 2689 1996 2754 indicatur
2019 2688 2172 2776 quamdiu

436 2808 543 2896 eliqua
565 2808 649 2871 aetio
671 2820 817 2895 ternpore
840 2811 1000 2897 praeterito
1024 2809 1145 2876 infeots
1172 2812 1281 2890 fuerit,
1304 2838 1364 2901 per
1386 2815 1473 2878 idem
1496 2814 1650 2902 temporis
1674 2813 1812 2901 spatium
1836 2813 1933 2878 etism
1957 2813 2051 2876 aliern
2075 2811 2172 2876 sotio·

435 2954 510 2995 nem
533 2931 686 2996 infectam
711 2931 821 3010 fuisse,
846 2933 937 3017 eujus
961 2955 1036 2998 usus
1059 2957 1158 2999 unum
1183 2949 1287 3001 exstat
1310 2938 1495 3026 exemplum
1519 2937 1601 3002 Eun.
1626 2941 1644 3002 7
1651 2939 1691 3001 98
1708 2961 1746 3000 oo
1762 2939 1837 3000 dum
1853 2937 2061 3012 adcubabam,
2079 2959 2173 3022 quam

435 3054 566 3118 videbor
589 3091 630 3099 —
655 3077 717 3118 asse
738 3055 872 3118 sobrius.

542 3175 629 3240 Adn.
676 3177 785 3241 Unum
821 3179 1005 3265 exemplum
1038 3179 1210 3258 invenitur,
1240 3182 1331 3266 eujus
1359 3183 1392 3246 in
1422 3182 1673 3246 demonstrativo
1700 3183 1844 3246 membro
1873 3182 1992 3268 legitur
2020 3182 2172 3265 conjunc·

436 3299 521 3364 tivus
556 3299 736 3388 imperfecti
768 3301 869 3365 Andr.
900 3302 941 3364 52
970 3324 1016 3388 sq.
1046 3327 1119 3366 nam
1148 3316 1240 3368 antea
1268 3308 1325 3392 qui
1351 3308 1431 3370 seire
1449 3329 1557 3394 posses
1580 3316 1635 3369 aut
1658 3306 1817 3392 inperium
1842 3327 1976 3380 noscare,
2001 3306 2076 3366 dum
2100 3315 2174 3366 oetos

437 3435 534 3488 metas
557 3426 708 3510 moyister
726 3424 949 3510 prohibebant,
974 3425 1008 3488 in
1032 3449 1095 3512 quo
1120 3428 1271 3514 exemplo
1295 3429 1537 3514 conjunctivum
1560 3427 1743 3514 imperfecti
1767 3427 1807 3492 sd
1831 3427 2025 3514 preteritum
2046 3439 2173 3513 tempus

436 3560 579 3636 spectare
615 3547 690 3612 satis
718 3569 869 3634 apparere
897 3548 1034 3614 videtur.
1082 3549 1155 3615 lloe
1182 3552 1255 3615 loeo
1285 3574 1349 3616 non
1379 3552 1518 3616 alienum
1548 3550 1609 3614 erit
1636 3548 1807 3614 admonere
1831 3549 1894 3614 nisi
1917 3550 1950 3613 in
1975 3549 2024 3612 his
2048 3548 2173 3613 duobus

437 3671 605 3758 exemplis,
635 3691 704 3757 quae
732 3671 828 3734 modo
856 3682 931 3734 sunt
957 3671 1062 3750 allate,
1086 3695 1242 3760 nusquam
1267 3674 1352 3761 apud
1376 3674 1563 3739 Terentium
1587 3671 1665 3736 dum
1688 3671 1876 3759 particulam
1901 3695 1974 3735 eum
1997 3671 2173 3736 indiestivo

437 3794 620 3884 imperfecti
645 3795 849 3880 conjunctam
873 3795 1021 3858 inveniri.
1070 3795 1170 3880 Cujus
1193 3819 1269 3861 usus
1292 3821 1393 3862 unum
1417 3796 1603 3884 exemplum
1628 3795 1770 3882 Spengel
1794 3793 1888 3859 affert
1908 3819 1926 3860 e
1943 3794 2061 3860 fabulis
2078 3795 2172 3859 Pleu·

436 3917 523 3994 finis,
547 3917 642 3981 Truo.
667 3917 693 3994 I,
719 3921 749 3994 9,
774 3917 816 3982 83
841 3929 870 3981 te
893 3919 968 3982 dum
991 3920 1114 3983 vivebas
1137 3943 1285 3984 noveram
1298 3917 1336 4000 ²).
2145 3899 2150 3913 ⁶

544 4038 575 4124 β)
620 4040 659 4105 In
687 4040 836 4128 primaria
864 4041 1088 4106 enunciatione
1111 4043 1274 4108 invenitur
1296 4042 1533 4132 imperfectum,
1558 4062 1657 4128 quum
1680 4041 1714 4104 in
1738 4039 1925 4104 secundaria
1948 4041 2172 4106 enunciatione

438 4162 556 4250 legitur
583 4163 764 4252 perfeetum
792 4164 989 4230 historicum.
1037 4165 1179 4245 Quorum
1208 4179 1387 4255 temporum
1415 4165 1571 4229 relatione
1600 4159 1760 4228 indicatur
1789 4163 1903 4228 eodem
1927 4177 2071 4251 tempore
2095 4187 2172 4250 prae·

438 4287 542 4364 terito,
567 4310 631 4374 quo
655 4286 762 4373 alique
784 4288 868 4352 aetio
891 4288 1037 4376 perfeeto
1059 4288 1166 4367 fuerit,
1192 4289 1286 4353 eliam
1310 4289 1470 4354 actionem
1491 4287 1645 4352 infectam
1661 4285 1761 4350 fuisse
1777 4287 1832 4364 ite,
1849 4298 1886 4350 ut
1901 4297 1955 4350 aut
1970 4309 2028 4372 per
2044 4285 2172 4374 longius

437 4409 591 4497 temporis
614 4410 753 4498 spatium
769 4410 897 4474 durasse
914 4422 969 4475 aut
985 4411 1099 4498 saepius
1114 4412 1228 4476 iterata
1245 4434 1313 4476 esse
1329 4412 1502 4476 videretur.
1542 4409 1643 4494 Cujus
1658 4432 1733 4473 usus
1749 4432 1849 4473 unum
1866 4422 1971 4472 exstat
1987 4408 2172 4495 exemplum

438 4534 554 4598 Heaut.
585 4535 646 4599 987
678 4536 753 4597 dum
782 4535 850 4597 istis
867 4534 968 4620 suisti
989 4533 1084 4612 solus,
1109 4536 1184 4597 dum
1207 4535 1296 4598 nulla
1320 4535 1387 4598 alia
1411 4534 1576 4598 delectatio
1601 4569 1642 4577 -
1668 4544 1696 4596 te
1718 4531 1935 4618 indalecium,
1961 4533 2020 4595 riti
2043 4531 2171 4597 dobant.

544 4659 575 4722 3.
623 4657 788 4721 Postremo
823 4655 864 4720 de
892 4656 933 4720 iis
961 4656 1041 4720 locis
1068 4679 1170 4744 pauea
1197 4670 1272 4756 sunt
1295 4657 1441 4734 dicende,
1466 4656 1500 4720 in
1524 4654 1642 4743 quibus
1665 4655 1873 4719 inveniuntur
1896 4667 2042 4741 tempora
2065 4653 2174 4720 futura

436 4782 548 4870 prima,
578 4804 647 4868 quae
675 4759 838 4844 vocantur.
886 4780 956 4860 Quo
984 4802 1045 4844 usu
1068 4779 1275 4868 significatur,
1300 4780 1453 4868 quamdiu
1476 4780 1583 4867 aliqua
1605 4778 1689 4842 aetio
1713 4777 1862 4842 duratura
1884 4778 1935 4854 sit,
1959 4777 2029 4842 fore
2053 4777 2175 4841 utalia

541 5041 561 5104 ¹)
580 5043 807 5100 Enunelattonea
826 5053 941 5104 qnsrnrn
960 5041 988 5089 ln
1007 5042 1125 5102 utroque
1144 5041 1267 5090 membro
1285 5041 1359 5090 idam
1378 5045 1487 5102 ternpus
1505 5039 1655 5096 Invenitur,
1669 5038 1842 5100 grammstlol
1854 5038 2011 5101 garmsnlos
2027 5037 2174 5100 appellent

436 5143 629 5196 »oolneldsuts
649 5144 744 5192 sttre·
762 5141 797 5192 ds
817 5156 872 5205 qus
890 5154 920 5191 re
939 5141 1002 5190 vide
1021 5141 1088 5190 Paul
1107 5139 1204 5201 Har-re,
1223 5141 1415 5205 Hauptrsgsln
1434 5141 1485 5190 der
1503 5139 1690 5188 lstslnlsehsn
1709 5137 1822 5202 syntax,
1842 5139 1937 5188 Berlin
1956 5133 2029 5198 1876,
2047 5151 2073 5202 p.
2092 5133 2134 5189 39.

525 5244 549 5308 ¹)
567 5248 597 5296 Δ.
620 5245 753 5311 Spengel:
774 5244 826 5294 Dte
845 5243 995 5294 Combdlen
1015 5242 1066 5293 des
1084 5243 1112 5294 P.
1130 5243 1285 5304 Terentius,
1304 5243 1400 5294 Eratos
1419 5242 1581 5302 Bendahsn,
1602 5239 1716 5300 Andria,
1735 5241 1826 5290 Berlln
1847 5235 1922 5301 1875,
1940 5255 1967 5305 p.
1987 5235 2027 5290 15.
