4752 5724
1869 457 1911 520 13

218 625 302 690 actio
331 646 390 711 per
417 621 503 686 idem
533 624 686 712 temporis
714 623 853 712 spatium
882 624 921 688 ad
950 625 1047 691 finem
1070 627 1273 714 perducatur.
1320 628 1463 694 Primum
1487 628 1617 694 afferam
1641 628 1838 716 exemplum,
1862 629 1955 714 eujus

216 749 250 813 in
272 747 422 835 primaria
443 745 668 811 enunciatione
689 746 810 834 legitur
829 746 1116 814 demonstrativum
1137 748 1335 828 adverbium,
1357 749 1444 836 quod
1460 751 1630 837 temporali
1646 750 1809 839 particula
1823 775 1955 840 respon·

218 870 283 950 det,
307 883 344 936 ut
366 841 484 934 Heaut.
511 871 574 934 136
598 893 672 933 nom
696 894 793 957 neque
816 872 891 934 dnm
914 871 970 936 ille
992 873 1089 936 vitem
1112 873 1203 937 illem
1227 871 1306 938 colet
1321 874 1448 959 inopem
1464 909 1505 918 —
1522 875 1642 938 interea
1656 895 1755 960 neque
1770 911 1812 920 —
1827 875 1956 963 snppli-

219 996 301 1058 cinm
330 995 423 1070 dubo,
452 993 486 1057 in
515 1013 579 1079 quo
609 993 761 1080 exemplo
788 1016 890 1080 usque
918 994 1108 1081 particulam
1136 1008 1170 1060 et
1197 1009 1270 1060 ante
1294 995 1371 1060 dum
1395 996 1657 1080 conjunctionem
1681 1009 1811 1085 etpost
1832 997 1956 1064 interea

219 1117 405 1182 adverbium
420 1117 527 1184 iterari
544 1119 777 1185 observandum
795 1131 856 1196 est;
873 1118 919 1182 ita
933 1141 1010 1184 vero
1025 1142 1127 1206 usque
1144 1119 1333 1206 particulam
1349 1131 1422 1184 ante
1439 1118 1516 1212 dum
1528 1119 1792 1203 conjunctionem
1803 1121 1955 1186 collocari

219 1241 314 1306 docet
338 1241 489 1328 Wagner,
514 1265 613 1329 quum
637 1243 731 1308 affert
754 1243 904 1331 exempla
927 1243 1030 1308 Plaut.
1057 1243 1177 1331 Amph.
1202 1243 1218 1306 I
1243 1245 1272 1320 2,
1299 1243 1340 1306 10
1363 1245 1421 1306 As.
1440 1245 1470 1319 2,
1488 1244 1541 1320 62,
1558 1242 1638 1308 Cato
1655 1241 1691 1307 R.
1709 1241 1745 1307 R.
1764 1267 1790 1308 c.
1809 1243 1861 1308 56.
1879 1246 1953 1308 110.

219 1366 280 1428 112
298 1363 331 1444 ¹).
379 1363 541 1452 Exempla
563 1378 680 1442 autem,
704 1365 738 1430 in
762 1365 879 1454 quibua
902 1365 1188 1430 demonstrativum
1212 1363 1398 1430 adverbium
1419 1389 1484 1430 non
1501 1366 1630 1454 legitur,
1647 1363 1714 1430 haec
1728 1377 1818 1430 sunt:
1835 1365 1952 1432 Heaut.

216 1489 281 1550 714
317 1511 390 1550 narn
420 1490 495 1552 dnm
522 1491 658 1553 amicam
687 1489 767 1553 hanc
794 1513 895 1553 meam
923 1513 985 1554 esse
1009 1491 1121 1564 credet,
1146 1511 1209 1552 non
1233 1488 1403 1552 eornnn'ttet
1421 1485 1540 1575 silium.
1587 1483 1714 1549 Phorm.
1741 1485 1804 1551 585
1829 1486 1953 1563 mcebit,

218 1611 293 1673 dnm
316 1611 483 1674 intercedet
502 1609 728 1696 suntilieritnn
753 1609 895 1697 Adelph.
923 1611 985 1674 118
1010 1611 1141 1676 dubitur
1163 1635 1183 1674 e
1206 1634 1254 1675 me
1276 1621 1452 1696 arperitem,
1477 1611 1552 1673 dnm
1568 1611 1629 1674 erit
1650 1611 1857 1686 commodam,
1874 1607 1953 1674 ibid.

219 1731 278 1796 157
304 1756 487 1819 numquam,
513 1735 589 1796 dnm
612 1756 667 1820 epo
691 1735 799 1809 adero,
825 1733 876 1797 hic
899 1745 928 1798 te
951 1745 1067 1820 tenpet.

322 1855 409 1920 Adn.
456 1855 566 1920 Unum
601 1868 707 1920 exstat
740 1856 936 1943 exemplum,
972 1857 1063 1941 cujus
1095 1855 1130 1920 in
1160 1855 1412 1920 demonstrativo
1439 1854 1582 1919 membro
1611 1853 1730 1942 legitur
1757 1852 1951 1920 indicativus

216 1979 390 2066 praesentis,
426 1979 544 2043 Heaut.
577 1980 639 2042 106
668 2003 724 2065 epo
754 1990 783 2043 te
811 2002 913 2044 meam
935 2003 998 2044 esee
1021 1981 1087 2044 dici
1110 1983 1264 2067 tantisper
1286 1977 1368 2054 volo,
1393 1979 1469 2042 dam
1494 2014 1534 2022 -
1560 1977 1669 2060 facies,
1694 1977 1786 2064 cujus
1810 1977 1951 2065 exempli

215 2103 248 2166 in
277 2101 426 2190 primaria
453 2102 679 2167 enunciatione
707 2103 773 2167 vim
803 2103 962 2189 quandam
986 2103 1086 2167 futuri
1110 2103 1215 2168 inesse
1239 2126 1281 2166 ex
1304 2125 1343 2166 eo
1366 2100 1508 2189 intelligi
1528 2099 1666 2177 videtur,
1688 2101 1774 2189 quod
1795 2101 1955 2166 sententia

214 2225 271 2290 illa
304 2224 547 2290 demonstrativi
582 2225 715 2290 membri
752 2225 844 2290 aliter
871 2226 1008 2312 exprimi
1036 2239 1145 2314 potest
1171 2225 1221 2290 his
1250 2225 1370 2290 verbis:
1400 2237 1434 2289 tu
1461 2248 1546 2288 mern
1569 2248 1631 2288 esee
1654 2225 1777 2290 diceris.
1824 2225 1862 2288 ln
1887 2247 1951 2312 quo

215 2347 365 2436 exemplo
382 2347 586 2412 observemus
599 2347 786 2412 adverbium
800 2348 1084 2412 demonstrativum
1096 2349 1243 2426 inveniri,
1257 2347 1343 2436 quod
1356 2346 1523 2435 temporali
1538 2346 1699 2433 particular
1711 2345 1894 2434 respondet.
1908 2383 1950 2394 -—

320 2471 363 2535 B.
410 2470 460 2536 De
484 2470 561 2535 dum
585 2469 743 2558 particula
765 2495 838 2535 cum
863 2472 1070 2557 conjunctivo
1094 2472 1222 2536 sociata.

322 2596 351 2657 l.
398 2592 540 2658 Primum
575 2593 739 2658 afferenda
766 2608 841 2658 sunt
868 2593 1026 2681 exempla,
1055 2595 1089 2659 in
1106 2591 1234 2682 'quibus
1262 2593 1461 2678 conjunctivi
1489 2592 1706 2670 inveniuntur,
1736 2592 1791 2681 qui
1819 2605 1951 2681 propter

214 2715 366 2782 orationis
390 2730 579 2784 structuram
603 2730 805 2806 usurpantur.
853 2697 954 2802 Cujus
977 2740 1053 2782 usus
1076 2717 1141 2782 duo
1165 2741 1284 2804 genera
1306 2729 1381 2782 sunt
1403 2715 1627 2781 discernenda.

319 2841 353 2923 a)
377 2841 415 2905 In
450 2841 585 2904 relativo
613 2838 757 2904 membro
786 2839 1011 2924 conjunctivus
1040 2840 1220 2918 adhibetur,
1250 2863 1348 2927 quum
1372 2839 1556 2904 enunciatio
1579 2838 1737 2926 perdum
1760 2837 1947 2926 particulam

212 2965 295 3028 elata
322 2987 364 3027 ex
392 2963 454 3027 alia
482 2963 707 3027 enunciatione
736 2962 867 3049 pendet,
897 2987 966 3050 quae
994 2963 1092 3028 habet
1119 2962 1372 3048 conjunctivum,
1401 2977 1437 3027 ut
1465 2962 1581 3026 Heaut.
1607 2962 1669 3026 951
1695 2974 1730 3026 nt
1754 2963 1829 3026 dnm
1851 2963 1947 3040 nicet,

213 3088 389 3149 meminerit
411 3109 532 3172 aenrper
555 3089 626 3160 mei,
652 3085 779 3150 Phorm.
807 3086 892 3149 1030
914 3086 1006 3150 habet
1022 3086 1086 3149 lnee
1106 3087 1248 3171 eiqnod,
1265 3087 1451 3161 damviam,
1469 3107 1566 3171 reaque
1581 3086 1625 3148 ad
1640 3107 1748 3149 aurem
1765 3087 1947 3170 appanniet,

214 3209 306 3291 cujus
322 3207 463 3295 exempli
480 3207 513 3272 in
530 3206 780 3274 demonstrativo
796 3208 939 3273 membro
956 3208 1142 3278 adverbium
1158 3208 1286 3296 legitur,
1304 3207 1390 3295 quod
1407 3206 1575 3294 temporali
1588 3207 1751 3294 particulae
1762 3207 1945 3294 respondet

214 3329 243 3393 A
272 3353 335 3418 quo
363 3353 424 3394 usu
447 3354 484 3394 ea
507 3329 637 3394 dicendi
658 3331 738 3395 ratio
762 3355 826 3396 non
850 3332 986 3396 multum
1010 3331 1120 3396 abesse
1144 3330 1281 3409 videtur,
1307 3355 1405 3418 quum
1428 3355 1486 3418 per
1509 3329 1729 3395 attractionem
1753 3327 1851 3408 modi,
1876 3354 1946 3418 que

210 3466 351 3531 vocatur,
377 3451 423 3530 fit,
447 3467 484 3517 ut
505 3453 538 3517 in
562 3453 696 3517 relativo
720 3455 864 3518 membro
886 3453 1111 3550 conjunctivus
1132 3453 1329 3532 adhibeatur,
1351 3454 1427 3540 quia
1445 3455 1479 3519 in
1496 3453 1818 3540 enunciationefquae
1834 3476 1945 3541 proce·

209 3573 267 3652 dit,
297 3597 335 3638 ea
362 3573 466 3638 forma
492 3573 583 3637 verbi
606 3586 785 3661 usurpatur,
809 3585 846 3637 ut
868 3573 1011 3661 Adelph.
1038 3579 1099 3642 681
1125 3581 1172 3641 ita
1195 3578 1287 3642 eelim
1310 3602 1359 3642 me
1376 3590 1609 3664 promerentem
1631 3600 1725 3653 ames,
1750 3577 1825 3640 dnm
1848 3579 1945 3654 ninas,

210 3697 265 3761 ubi
293 3720 418 3762 causam
446 3695 647 3781 conjunctivi
675 3695 829 3760 Daiatzlrc
858 3710 944 3762 recte
967 3699 1169 3788 interpretari
1192 3699 1329 3774 videtur,
1354 3723 1452 3788 quum
1476 3699 1585 3764 docet:
1611 3699 1682 3763 »der
1705 3698 1822 3764 Modus
1845 3699 1888 3766 ist
1909 3701 1942 3764 in

211 3809 531 3907 Ubereinstimmung
554 3820 707 3906 gebracht
730 3821 790 3884 mit
812 3819 888 3884 dem
911 3820 968 3885 des
992 3822 1271 3910 ‘sibergeordneten
1295 3822 1416 3888 Satzem
1430 3821 1467 3905 ²).

317 3944 349 4022 b)
373 3943 411 4007 In
434 3943 603 4032 temporali
628 3927 863 4021 enunciatione,
888 3966 958 4031 quse
981 3969 1022 4008 ex
1046 3945 1188 4011 oratione
1213 3945 1344 4033 obliqua
1366 3943 1497 4032 pendet,
1523 3945 1747 4031 conjunctivus
1763 3959 1942 4034 usurpatur,

208 4080 243 4132 ut
277 4067 395 4131 Heaut.
433 4068 493 4131 147
525 4069 648 4131 decrevi
676 4069 831 4154 tantisper
852 4091 901 4132 me
924 4104 965 4113 -
984 4069 1106 4154 secere,
1132 4070 1208 4133 dnm
1226 4071 1309 4157 fiam
1331 4071 1436 4145 miser,
1459 4067 1492 4132 in
1517 4091 1581 4154 quo
1604 4069 1756 4156 exemplo
1779 4069 1943 4135 invenitur

207 4187 404 4266 adverbium,
434 4189 519 4277 quod
544 4191 713 4278 temporali
736 4190 899 4277 particulae
922 4190 1105 4278 respondet.

248 4397 250 4404 Ι
314 4315 343 4377 2.
390 4312 519 4377 Deinde
554 4312 593 4378 ad
622 4313 772 4401 exempla
798 4327 1003 4391 transeamus,
1031 4314 1065 4378 in
1094 4313 1210 4401 quibus
1239 4313 1464 4398 conjunctivus
1493 4313 1616 4402 pendet
1643 4313 1762 4379 adum
1785 4315 1942 4402 particula

206 4449 301 4523 atque
336 4435 376 4500 ab
404 4460 442 4502 ea
468 4437 600 4524 regitur,
630 4437 722 4522 cujus
749 4459 824 4501 usus
852 4459 952 4501 unum
980 4448 1085 4501 exstat
1112 4436 1297 4524 exemplum
1325 4435 1408 4500 Eun.
1433 4439 1495 4501 741
1521 4461 1619 4525 neque
1641 4440 1721 4505 adeo
1744 4437 1832 4503 illius
1850 4441 1943 4526 serre

203 4583 331 4646 possum
360 4563 513 4647 ineptiam
541 4573 570 4625 et
597 4563 771 4650 mapnisrea
793 4561 898 4636 verba,
922 4562 1017 4625 verba
1040 4561 1116 4624 dnm
1138 4562 1212 4637 sint,
1236 4561 1269 4624 in
1294 4582 1358 4647 quo
1382 4559 1533 4647 exemplo
1557 4560 1743 4626 adverbium
1766 4561 1939 4641 invenitur,

184 4681 292 4770 'quod
327 4683 496 4772 temporali
531 4684 694 4772 particular
726 4682 909 4771 respondet.
939 4719 982 4729 -
1011 4683 1044 4747 Si
1073 4683 1232 4771 exempla,
1262 4707 1331 4770 quse
1359 4683 1456 4749 modo
1484 4695 1560 4747 sunt
1587 4683 1692 4764 allata,
1721 4687 1938 4775 perlegentur‚

204 4805 325 4893 ubique
349 4805 425 4872 dum
449 4808 637 4897 particulam
661 4831 734 4872 cum
757 4807 965 4893 conjunctivo
988 4805 1152 4894 praesentis
1176 4805 1332 4893 conjungi
1354 4807 1510 4870 invenies.
1527 4843 1570 4854 —

309 4997 330 5058 ¹)
348 4999 386 5051 W.
406 4999 537 5063 Wagner:
556 5003 583 5052 Ρ.
602 5002 715 5052 Terenti
733 5000 845 5052 Banton
863 5000 1078 5058 Ttmorumsnos,
1097 4999 1200 5058 Berlin,
1219 4992 1293 5058 1872,
1312 5013 1338 5062 p.
1355 4993 1398 5048 37.

306 5095 329 5160 ²)
347 5099 376 5148 Ο.
400 5100 545 5150 Delatako:
569 5101 765 5165 husgewthlte
789 5098 1011 5148 nomentanae·
1030 5100 1057 5150 P.
1076 5101 1222 5151 Terentius
1241 5101 1317 5158 Δίον,
1335 5102 1448 5151 aweltes
1467 5101 1634 5154 Btndchsn:
1653 5103 1805 5168 Adelphoe,
1824 5105 1938 5170 belpelg

202 5197 276 5260 1881,
295 5217 321 5266 p.
339 5197 380 5252 69.
