4752 5724
415 641 522 724 quoad
549 637 703 725 exceptis.
752 637 853 715 Quam
882 636 1136 703 dissertationem
1166 660 1264 724 quum
1292 637 1512 724 perlegissem,
1541 661 1606 701 non
1634 637 1749 702 inutile
1777 637 1847 703 fore
1871 637 1991 726 putavi,
2016 637 2042 700 si
2066 637 2153 723 quod

415 760 617 824 doctissimus
651 761 708 824 ille
743 760 792 824 vir
826 760 984 824 infectum
1019 761 1151 847 reliquit
1182 759 1221 824 ad
1255 759 1353 824 finem
1389 758 1622 847 perduxissem.
1672 760 1742 838 Quo
1778 760 1899 824 factum
1934 773 1992 838 est,
2021 773 2057 824 ut
2091 760 2154 823 hoc

415 883 605 970 opusculum
634 882 877 946 conscriberem.
925 882 1031 960 Quum
1060 883 1250 969 opusculum
1279 905 1386 946 meum
1414 881 1579 947 absolvere
1608 893 1704 968 atquc
1733 882 1891 946 conficere
1915 884 2044 960 vellem,
2069 882 2152 947 forte

415 1005 533 1069 accidit
559 1017 596 1069 nt
623 1006 786 1092 egregiam
814 1003 1036 1069 Richardsonii
1050 1004 1075 1087 ⁷)
1105 1005 1360 1070 dissertationem
1389 1027 1627 1092 cognoscerem,
1657 1027 1720 1090 qua
1741 1027 1800 1068 nos
1824 1004 1864 1068 de
1889 1004 1966 1068 dum
1990 1004 2153 1092 particula

414 1151 474 1192 usu
508 1128 612 1192 docet.
665 1127 766 1207 Quam
795 1127 1051 1193 dissertationem
1079 1129 1106 1193 si
1134 1128 1221 1216 prius
1250 1128 1484 1216 cognovissem,
1512 1127 1647 1191 fortasse
1676 1127 1824 1191 libellum
1852 1151 1959 1192 meum
1988 1151 2053 1192 non
2077 1151 2152 1192 con·

415 1252 621 1339 scripsissem,
646 1250 703 1315 sed
727 1275 826 1337 quum
845 1252 914 1335 jam
937 1263 1031 1315 antea
1054 1251 1161 1315 omnia
1184 1251 1334 1338 exempla
1356 1250 1533 1338 coegissem
1558 1251 1647 1314 etin
1671 1250 1799 1315 ordines
1816 1251 1996 1338 classesque
2011 1250 2153 1337 redegis-

416 1398 493 1452 sem,
522 1398 540 1437 a
567 1374 732 1461 proposito
761 1373 914 1439 desistere
942 1373 1042 1438 nolui.
1090 1373 1155 1438 Cur
1181 1373 1227 1437 ita
1253 1374 1397 1451 fecerim,
1428 1373 1505 1438 duas
1534 1397 1642 1438 causas
1670 1385 1765 1460 atque
1795 1395 1846 1436 eas
1876 1373 2012 1460 optimas
2039 1372 2153 1450 habeo,

415 1497 554 1584 primum
590 1495 676 1582 quod
706 1495 909 1560 doctissimus
937 1496 993 1560 ille
1022 1496 1072 1560 vir
1098 1519 1163 1560 non
1192 1497 1307 1560 eodem
1338 1496 1434 1560 modo
1463 1508 1557 1582 atque
1582 1519 1644 1582 ego
1673 1519 1741 1559 rem
1769 1496 1965 1582 propositam
1996 1497 2153 1572 tractavit,

417 1619 535 1683 deinde
571 1618 657 1705 quod
693 1617 733 1682 de
768 1618 872 1682 donec
903 1631 936 1683 et
964 1617 1070 1704 quoad
1094 1617 1259 1705 particulis
1283 1619 1364 1683 nihil
1389 1619 1493 1682 docet.
1545 1618 1621 1696 Quae
1650 1641 1748 1704 quum
1776 1619 1822 1682 ita
1849 1632 1964 1694 essent,
1993 1641 2060 1682 rem
2084 1619 2151 1702 jam

416 1741 600 1806 inchoatam
623 1741 662 1805 ad
686 1741 784 1805 finem
807 1739 983 1829 perdticere
1008 1739 1145 1806 decrevi.

521 1947 543 2010 ²)
561 1949 742 2010 Richardscn,
759 1950 801 2000 De
820 1949 883 2000 dnm
903 1951 1048 2014 particula
1066 1948 1141 2012 apud
1158 1949 1265 2011 priscos
1283 1949 1434 2012 scriptores
1452 1949 1566 1998 Latinos
1585 1959 1643 2006 non,
1662 1949 1755 2011 helpe.
1774 1943 1849 1999 1886.
