4752 5724
1266 980 1320 1060 11.

530 1183 604 1248 Una
637 1196 685 1248 cst
712 1185 813 1260 noti0,
844 1207 907 1270 qua
934 1207 992 1271 per
1020 1183 1096 1248 dum
1124 1185 1313 1271 particulam
1343 1185 1412 1248 duae
1441 1185 1594 1262 actiones,
1623 1209 1692 1273 quae
1720 1211 1785 1250 uno
1813 1187 1992 1273 eodemque
2021 1202 2165 1274 tempore

430 1307 595 1384 eveniunt,
624 1308 708 1370 inter
736 1329 769 1370 sc
799 1307 1040 1392 conjunguntur
1066 1317 1161 1393 atque
1189 1308 1223 1370 in
1247 1307 1401 1372 relatione
1424 1321 1597 1395 ponuntur.
1645 1309 1716 1387 Quo
1740 1331 1798 1372 usu
1824 1309 1900 1373 dum
1924 1311 2043 1373 svetice
2067 1313 2168 1375 under

430 1431 482 1493 det
509 1439 566 1504 att,
595 1429 777 1514 germanice
805 1429 957 1492 wctlseud
981 1431 1052 1492 dass
1074 1429 1237 1507 vertimus,
1262 1453 1357 1515 quam
1379 1431 1546 1493 notionem
1570 1429 1712 1516 Georges
1736 1431 1918 1517 germanice
1942 1429 2168 1517 interpretatur

429 1573 498 1614 »sur
525 1551 663 1637 Angabc
692 1549 749 1615 der
777 1549 1061 1638 Gleichzeitigkeit
1088 1553 1202 1616 zweier
1230 1551 1449 1638 Handlungen
1478 1551 1556 1615 oder
1584 1553 1641 1616 des
1668 1551 1853 1617 Eintretens
1875 1539 1967 1616 einer
1990 1553 2168 1641 Handlung

428 1673 578 1738 wahrend
602 1673 659 1737 der
681 1673 789 1737 Dauer
812 1673 901 1738 einer
924 1673 1072 1737 Andemr
1082 1671 1116 1756 ¹).

534 1799 575 1862 A.
622 1796 672 1860 De
696 1796 772 1860 dum
796 1797 1049 1883 particulatam
1073 1795 1249 1860 indicativo
1273 1797 1455 1881 conjuncta.

536 1920 564 1982 1.
612 1917 754 1982 Primum
780 1917 820 1982 de
843 1918 884 1983 iia
908 1918 1066 2004 exemplis
1090 1917 1204 1994 dicam,
1228 1919 1263 1982 in
1287 1917 1404 2005 quibua
1424 1918 1494 1983 duae
1509 1920 1651 1983 actiones
1667 1943 1725 2005 per
1741 1919 1817 1983 dum
1834 1920 2021 2007 particulam
2037 1922 2071 1985 in
2087 1919 2164 1986 rela-

430 2041 519 2104 tione
542 2040 654 2128 posltae
677 2051 823 2126 tempore
848 2041 993 2126 praesenti
1018 2040 1145 2104 evenire
1171 2039 1330 2104 dicuntur.
1378 2039 1449 2120 Quo
1474 2065 1531 2105 usu
1553 2041 1578 2104 si
1596 2041 1665 2105 duae
1682 2043 1824 2106 actiones
1839 2042 1923 2106 inter
1938 2066 1971 2106 se
1989 2045 2165 2128 conjuncta.

431 2175 577 2249 tempore
605 2162 752 2248 praesenti
781 2163 1013 2249 exprimuntur,
1042 2161 1240 2248 significatur
1263 2163 1297 2226 in
1320 2163 1407 2227 idem
1430 2176 1558 2251 tempus
1582 2163 1688 2227 ambas
1713 2163 1825 2227 cedere
1850 2177 1883 2228 et
1905 2163 2035 2229 alteram
2060 2167 2111 2254 agi
2136 2179 2168 2228 et

372 2309 375 2316 ·
432 2285 554 2362 durare,
579 2307 677 2371 quum
701 2285 799 2348 altera
821 2283 1013 2370 perficiatur.
1381 2287 1400 2325 1*

537 2409 571 2486 a)
595 2405 667 2486 Quo
695 2429 755 2470 usu
783 2429 920 2493 praesens
948 2406 989 2470 de
1017 2429 1082 2470 uno
1110 2408 1263 2494 temporis
1292 2419 1412 2494 puncto
1436 2405 1563 2480 dicitur,
1588 2419 1628 2470 ut·
1647 2407 1749 2471 Andr.
1776 2409 1837 2472 597
1859 2420 1951 2495 potes
1974 2431 2066 2483 nuuc,
2092 2409 2165 2471 dum

433 2532 556 2593 animus
580 2531 730 2592 inritatus
754 2540 807 2604 est,
832 2529 924 2611 cujus
948 2530 1090 2616 exempli
1113 2529 1146 2593 in
1171 2529 1420 2593 demonstrativo
1444 2530 1587 2593 membro
1610 2553 1695 2594 nunc
1719 2531 1907 2617 particulam
1924 2529 2116 2617 respondere
2132 2530 2165 2593 in

431 2652 566 2715 relativo
593 2649 737 2714 membro
766 2650 843 2714 dum
871 2651 1092 2734 conjunctioni
1121 2652 1354 2716 observandum
1378 2664 1435 2716 est.
1483 2653 1559 2716 Alia
1582 2653 1732 2739 exempla
1755 2653 1900 2737 ejusdem
1924 2651 2168 2738 significationis

431 2786 519 2839 sunt:
565 2772 708 2860 Adelph.
734 2774 798 2836 899
824 2775 970 2836 occidunt
992 2797 1041 2837 ms
1064 2777 1200 2859 quidem,
1226 2777 1300 2838 dum
1323 2777 1418 2839 nimis
1440 2787 1564 2838 sanctas
1586 2777 1715 2861 nuptiae
1738 2768 1862 2838 student
1878 2775 1999 2861 socero.
2040 2773 2167 2838 Phorm.

433 2897 497 2961 766
522 2907 685 2982 nostrapte
708 2896 802 2982 culpa
820 2896 973 2982 sacimas,
998 2907 1032 2958 ut
1055 2897 1154 2961 malos
1178 2901 1325 2984 expediat
1349 2921 1420 2973 esse,
1446 2899 1520 2960 dum
1544 2900 1677 2960 nimium
1701 2899 1766 2960 dici
1784 2921 1840 2961 uos
1857 2898 1952 2961 bonos
1967 2898 2126 2960 studemus
2141 2908 2169 2960 et

437 3021 595 3106 deniquae.
643 3018 715 3098 Quo
741 3041 801 3082 usu
830 3019 1012 3083 enunciatio
1039 3020 1223 3106 temporalis
1251 3041 1491 3106 nonnumquam
1519 3019 1558 3082 ad
1588 3019 1846 3082 enunciationem
1870 3019 1999 3083 finalem
2022 3020 2168 3096 refertur,

433 3155 470 3206 ut
503 3142 646 3229 Adelph.
676 3142 740 3205 312
768 3153 803 3204 ut
831 3163 887 3226 090
915 3144 998 3204 iram
1027 3141 1107 3204 douc
1134 3145 1168 3204 iu
1196 3165 1246 3206 eos
1275 3165 1413 3206 evomam
1442 3164 1572 3217 orn-uem,
1603 3143 1676 3204 dum
1707 3143 1863 3226 aspritudo
1892 3142 1956 3205 lroec
1984 3155 2026 3205 est
2055 3166 2167 3206 recens.

541 3265 573 3347 b)
598 3265 647 3328 lta
669 3285 746 3328 vero
768 3285 905 3350 prensens
929 3275 1098 3350 usurpatur
1122 3265 1217 3327 ctiam
1242 3262 1282 3327 de
1306 3265 1451 3350 longiore
1476 3264 1579 3351 spatio
1602 3264 1656 3339 ite,
1680 3277 1717 3327 ut
1741 3263 1781 3327 de
1799 3265 1988 3340 actionibus,
2006 3288 2075 3349 quse
2091 3288 2169 3351 quo-

432 3388 481 3451 vis
508 3399 653 3473 tempore
677 3385 746 3449 fieri
770 3397 913 3472 possunt,
936 3385 989 3449 vel
1014 3384 1054 3448 de
1078 3385 1257 3451 actionibus
1282 3387 1395 3473 saepius
1418 3385 1564 3474 repetitis
1588 3385 1721 3463 dicatur,
1746 3399 1783 3450 ut
1805 3385 1887 3450 Eun.
1914 3387 1978 3450 934
2002 3409 2072 3470 quoe
2095 3388 2169 3449 dum

426 3510 517 3596 sor-is
539 3521 621 3586 suut,
645 3509 694 3572 us‘l
715 3510 841 3572 videtur
862 3510 1021 3584 mundius,
1046 3507 1162 3573 Heaut.
1189 3510 1252 3573 240
1277 3511 1351 3572 dum
1374 3510 1559 3586 moliuntur,
1582 3511 1656 3572 dum
1674 3521 1837 3584 conantur,
1854 3531 1954 3572 cautas
1971 3521 2024 3584 est,
2042 3509 2168 3572 Phorm.

435 3632 497 3696 341
524 3633 599 3695 dum
623 3630 682 3694 titi
700 3632 743 3718 fit
767 3633 853 3716 quod
870 3631 988 3717 placet,
1014 3631 1069 3694 tlte
1091 3633 1240 3717 uincitur.

538 3752 625 3817 Adn.
652 3754 680 3815 l.
727 3752 777 3816 De
802 3753 962 3839 exemplo,
988 3753 1080 3838 cujus
1100 3753 1133 3816 in
1150 3753 1300 3840 primaria
1316 3753 1540 3818 enunciatione
1555 3753 1720 3817 invenitur
1736 3753 1961 3837 conjunctivus
1977 3753 2170 3840 imperfecti,

435 3898 538 3964 pauca
559 3875 673 3940 dicam.
721 3875 842 3939 Tamen
866 3899 935 3961 quae
959 3876 1124 3962 qualisque
1148 3877 1183 3940 in
1205 3878 1389 3940 universum
1413 3877 1455 3941 sit
1477 3889 1588 3940 natura
1611 3875 1871 3939 enunciationum
1895 3876 2170 3954 conditionalium,

433 4000 522 4087 prius
550 3997 722 4063 dicendum
751 3997 820 4062 erit.
868 3996 993 4076 Quaevis
1022 3998 1206 4062 enunciatio
1236 3998 1462 4062 conditionalis
1490 4023 1532 4062 ex
1560 3997 1681 4062 duabus
1710 3997 1852 4084 partibus
1881 4011 2014 4075 constat,
2040 4021 2171 4084 quarum

435 4145 508 4199 una,
542 4144 611 4207 quse
638 4143 696 4207 per
724 4118 977 4183 conditionolem
1005 4119 1193 4205 particulam
1222 4121 1363 4198 effertur,
1392 4123 1551 4207 sumptiose
1578 4119 1632 4183 vel
1655 4122 1796 4205 protasis
1825 4119 1950 4184 dicitur.
2004 4120 2037 4184 Si
2066 4132 2172 4184 autern

434 4243 554 4331 protasi
581 4241 702 4330 aliquid
731 4240 878 4328 presenti
907 4253 1052 4328 tempore
1080 4241 1149 4306 fieri
1179 4241 1319 4330 fingitur,
1345 4242 1432 4330 quod
1455 4255 1562 4307 tamen
1585 4265 1650 4306 non
1674 4243 1720 4320 lit,
1745 4243 1917 4330 saepissime
1942 4255 1974 4307 ct
1996 4243 2030 4306 in
2053 4245 2173 4330 protasi

413 4381 467 4434 'ct
488 4368 523 4433 in
547 4365 680 4454 epodosi
703 4364 928 4447 conjunctivus
950 4365 1134 4451 imperfecti
1157 4377 1336 4452 usurpatur,
1360 4366 1416 4452 qui
1440 4365 1666 4449 conjunctivus
1688 4364 1727 4428 ad
1743 4389 1881 4452 praesens
1896 4378 2024 4451 tempus
2040 4378 2172 4453 spectat,

434 4513 533 4578 quum
566 4487 716 4574 sumptio,
750 4509 813 4572 qua
846 4485 967 4573 aliquid
995 4486 1065 4550 fieri
1098 4487 1240 4574 fingitur,
1270 4485 1309 4551 ad
1338 4511 1473 4574 praesens
1503 4501 1631 4574 tempus
1658 4489 1822 4553 referatur.
1874 4488 2039 4554 Interdum
2068 4499 2173 4552 autem

436 4613 482 4692 fit,
505 4624 543 4676 ut
565 4622 633 4675 tota
655 4609 800 4696 protasis,
825 4632 894 4696 quae
918 4609 1133 4696 sumptionem
1157 4609 1226 4674 fieti
1249 4610 1403 4688 continet,
1428 4610 1601 4674 omittatur.
1649 4609 1725 4688 Quae
1749 4633 1846 4697 quum
1870 4610 1916 4674 ita
1938 4611 2003 4674 sint
2017 4622 2124 4674 tamen
2140 4611 2174 4674 in

434 4733 587 4823 primaria
617 4731 842 4796 enunciatione
871 4730 1097 4814 conjunctivus
1124 4732 1309 4818 imperfecti
1336 4733 1501 4797 retinetur.
1553 4731 1655 4816 Cujus
1682 4754 1757 4794 usus
1784 4755 1884 4795 unum
1913 4733 2098 4819 exemplum
2126 4733 2174 4796 in·

436 4859 563 4924 venitur
585 4855 713 4920 Phorm.
740 4854 804 4918 160
827 4865 861 4917 ut
883 4877 946 4918 uon
970 4855 1132 4918 cotidiano
1155 4877 1231 4918 mara
1256 4856 1320 4919 toes
1343 4867 1472 4942 cuperet
1495 4859 1636 4920 animum
1661 4892 1702 4900 —
1727 4857 1801 4918 datm
1825 4868 1962 4942 expecto.

440 4997 644 5006 *ᾠ-

540 5045 559 5107 Ι)
578 5047 609 5096 Κ.
629 5047 658 5097 a.
677 5047 811 5109 Georges:
847 5045 1057 5096 Ansltlhrllches
1084 5045 1412 5096 Lnteintsch·Deutsclres
1441 5045 1708 5104 Handwdrtcrbuch‚
1735 5039 1789 5093 'lzte
1817 5045 1938 5108 Auflage,
1963 5046 2075 5112 Irelpalg
2099 5042 2177 5107 1819,

436 5149 495 5218 Ip.
513 5143 587 5199 2158.
