4752 5724
932 958 1191 1050 QUOAD.

300 1172 410 1255 Quoad
434 1174 623 1261 particulam
647 1172 761 1238 eodem
786 1175 854 1238 fere
878 1172 975 1238 modo
999 1195 1036 1237 ac
1060 1173 1163 1238 donec
1184 1173 1447 1258 conjunctionem
1464 1171 1608 1260 usurpari
1623 1195 1718 1236 nemo
1734 1195 1799 1236 non
1815 1171 1926 1258 cogni-

195 1311 260 1362 tum
282 1297 391 1362 habet.
438 1296 580 1361 Primum
605 1295 735 1384 quidem
752 1295 822 1359 duae
838 1296 980 1360 actiones
996 1319 1054 1384 per
1069 1296 1175 1384 quoad
1191 1297 1379 1386 particulam
1395 1297 1636 1382 conjunguntur
1652 1296 1706 1372 ita,
1723 1307 1759 1358 ut
1775 1292 1927 1382 quamdiu

191 1421 291 1484 altera
329 1419 413 1484 actio
441 1419 480 1482 ad
508 1419 606 1484 finem
635 1418 836 1506 perducatur,
866 1442 924 1506 per
951 1418 1037 1482 idem
1065 1420 1219 1507 temporis
1246 1414 1385 1508 spatium
1414 1418 1512 1483 altera
1539 1419 1622 1482 actio
1651 1417 1763 1483 durare
1792 1417 1926 1496 dicatur,

191 1542 241 1605 lta
268 1564 346 1604 vero
374 1554 556 1629 usurpatam
584 1541 688 1629 quoad
717 1541 905 1630 particulam
934 1541 1055 1605 suetice
1087 1546 1124 1604 act
1153 1542 1246 1628 lotape
1272 1565 1348 1619 som,
1377 1541 1558 1628 germanice
1585 1564 1619 1605 ao
1645 1540 1736 1625 longe
1758 1541 1807 1604 ola
1828 1541 1925 1605 inter·

183 1676 362 1750 pretamur.
408 1663 536 1729 Deinde
565 1663 635 1727 duaa
663 1664 805 1728 actiones
833 1686 892 1750 per
914 1663 1024 1750 quoad
1043 1665 1232 1751 particulam
1255 1665 1289 1729 in
1312 1665 1467 1729 relatione
1491 1676 1664 1750 ponuntur,
1689 1662 1844 1750 equibus
1864 1686 1926 1728 una

192 1786 388 1862 terminatur,
419 1808 518 1873 quum
545 1786 644 1850 altera
671 1786 843 1851 succedere
872 1786 999 1851 dicitur.
1046 1786 1097 1850 Ita
1123 1799 1229 1851 autem
1257 1798 1439 1874 usurpatam
1463 1787 1568 1873 quoad
1591 1786 1781 1874 particulam
1804 1785 1925 1851 suetice

192 1908 243 1972 till
267 1911 344 1986 deaa
368 1909 551 1995 germanice
577 1909 623 1972 bis
647 1911 719 1972 duaa
764 1909 926 1974 vertimus.
974 1908 1114 1988 Quarum
1136 1910 1306 1974 notionum
1329 1923 1435 1974 tamen
1460 1909 1545 1996 apud
1568 1910 1756 1974 Terentium
1771 1909 1863 1974 nulla
1876 1909 1925 1973 in·

189 2031 363 2095 veniuntur
385 2031 544 2118 exempla.

296 2154 419 2218 Tamen
443 2152 527 2242 apud
551 2153 740 2219 Terentium
762 2154 919 2242 particula
940 2154 999 2218 illa
1020 2154 1183 2219 invenitur
1205 2167 1300 2241 atque
1323 2154 1420 2219 habet
1436 2155 1612 2232 notionem,
1629 2178 1647 2218 e
1664 2177 1727 2241 qua
1740 2155 1805 2220 illa
1819 2155 1924 2220 notio·

189 2299 247 2342 nes
270 2277 403 2341 fortasse
427 2289 503 2340 sunt
525 2289 609 2341 ortae.
656 2277 738 2341 Nam
763 2276 868 2365 quoad
892 2278 1048 2365 particula
1070 2277 1141 2341 vice
1165 2276 1312 2363 fungitur
1335 2277 1479 2340 adverbii
1501 2277 1731 2361 interrogativa
1778 2276 1828 2340 Ita
1849 2299 1925 2341 vero

189 2411 372 2486 usurpatam
396 2400 502 2486 quoad
526 2400 715 2486 particulam
738 2401 921 2486 germanice
946 2402 992 2465 bia
1013 2424 1105 2464 manu
1124 2399 1379 2488 interpretamur,
1401 2399 1468 2463 sive
1489 2399 1522 2462 in
1539 2399 1634 2462 rectia
1650 2399 1717 2463 sive
1734 2399 1768 2463 in
1785 2398 1925 2486 obliquis

187 2521 495 2609 interrogationibus
523 2535 572 2585 est
599 2521 712 2607 posita,
738 2521 830 2605 cujus
853 2543 928 2585 usus
952 2520 1017 2586 duo
1041 2523 1192 2612 exempla
1212 2523 1429 2587 inveniuntur.
1477 2521 1619 2585 Primum
1643 2521 1774 2608 quidem
1795 2521 1924 2586 afferam

190 2643 387 2732 exemplum,
411 2641 468 2706 ubi
492 2643 596 2730 quoad
620 2641 808 2708 adverbium
830 2644 864 2708 in
887 2645 975 2709 recta
994 2646 1245 2732 interrogatione
1266 2646 1406 2732 ponitur,
1422 2657 1459 2709 ut
1474 2643 1602 2709 Phorm.
1622 2645 1682 2708 147
1701 2667 1801 2709 amaru
1818 2647 1926 2731 quood
2002 2671 2004 2674 ·

190 2770 360 2854 expectatis
382 2762 542 2830 vostrum?
585 2766 714 2831 Deinde
738 2767 938 2832 afferendum
961 2780 1010 2832 est
1033 2765 1229 2856 exemplum,
1252 2767 1310 2833 ubi
1333 2768 1437 2855 quoad
1462 2767 1648 2832 adverbium
1671 2768 1705 2832 iu
1729 2767 1860 2855 obliqua
1875 2769 1923 2832 in·

190 2893 403 2978 terrogatione
428 2891 558 2977 legitur,
582 2903 620 2953 ut
642 2889 770 2955 Phorm.
794 2892 860 2954 462
879 2903 1103 2978 percontatum
1125 2894 1179 2957 ibo
1202 2894 1246 2956 ad
1262 2904 1405 2979 portum,
1431 2892 1539 2978 quood
1560 2913 1591 2956 aa
1613 2893 1758 2978 recipiat.

294 3012 381 3078 Adn.
421 3011 534 3092 Quoad
558 3013 746 3099 particulam
771 3013 841 3078 vice
866 3016 1009 3078 adverbii
1031 3016 1158 3079 relativi
1180 3015 1275 3101 fungi
1298 3038 1340 3078 ex
1362 3016 1514 3102 exemplo
1536 3027 1677 3102 apparot,
1696 3014 1782 3102 quod
1798 3015 1923 3080 inveni·

191 3143 243 3196 tur
267 3132 371 3198 Plaut.
395 3133 512 3200 Pseud.
538 3136 602 3199 628
626 3147 757 3221 argemo
782 3136 846 3200 laaea
871 3139 937 3201 dica
955 3140 1177 3225 prostitutam,
1202 3139 1310 3225 quood
1331 3137 1468 3224 refemea
1488 3137 1588 3214 uobis,
1609 3137 1665 3201 ubi
1682 3137 1788 3224 quoad
1805 3149 1855 3203 est
1869 3136 1925 3202 ad·

190 3253 334 3320 verbium
362 3257 540 3322 relativum.
587 3255 710 3322 Eadem
739 3257 807 3322 fere
831 3260 991 3325 sententia
1013 3262 1110 3326 etiam
1133 3260 1218 3348 apud
1243 3259 1431 3325 Terentium
1453 3259 1626 3338 invenitur,
1651 3259 1708 3324 sed
1732 3283 1769 3325 ea
1791 3261 1923 3348 quidem

188 3379 283 3444 aliter
305 3401 455 3467 expressa
476 3381 530 3458 ita,
554 3392 592 3445 ut
613 3403 671 3468 pro
696 3380 802 3468 quoad
826 3381 977 3448 adverbio
1002 3406 1179 3471 pronomen
1195 3382 1363 3448 relativum
1380 3406 1453 3447 cum
1469 3385 1513 3447 od
1528 3383 1752 3470 praepositione
1769 3383 1922 3468 conjunc·

184 3516 254 3569 tum
285 3502 482 3583 adhibeatur,
510 3517 548 3568 ut
575 3502 703 3569 Phorm.
729 3505 793 3569 523
822 3528 879 3592 eqo
906 3509 935 3570 ιιι·
961 3510 1038 3571 satia
1066 3508 1274 3581 commemini,
1299 3507 1358 3571 tibi
1381 3509 1536 3593 quidmst
1560 3507 1637 3572 olim
1660 3509 1736 3584 dica,
1761 3531 1857 3593 quom
1880 3511 1924 3572 ad

187 3627 277 3690 doras
301 3627 376 3691 buia
394 3629 586 3713 prostituta.
