4752 5724
1271 849 1351 930 IV.

547 1059 621 1124 Jam
645 1071 840 1122 transeamus
864 1057 903 1122 ad
928 1081 997 1122 eam
1020 1057 1187 1121 notionem
1211 1056 1445 1144 explicandam,
1471 1079 1534 1144 qua
1555 1079 1614 1144 per
1637 1056 1714 1120 dum
1738 1053 1926 1144 particulam
1950 1054 2021 1118 due
2037 1054 2187 1118 actiones

442 1183 683 1270 conjunguntur
711 1193 806 1267 atque
829 1178 864 1243 in
886 1179 1041 1243 relatione
1065 1191 1237 1267 ponuntur,
1267 1203 1284 1243 e
1312 1179 1427 1267 quibus
1450 1202 1515 1243 una
1537 1179 1735 1256 terminatur,
1761 1201 1859 1266 quum
1884 1177 1983 1242 altera
2005 1175 2187 1241 succedero

442 1305 570 1370 dicitur.
617 1304 688 1384 Quo
712 1327 772 1367 usu
794 1301 955 1368 indicatur
977 1303 1159 1380 terminum,
1184 1301 1223 1366 ad
1248 1325 1343 1389 quern
1368 1302 1490 1390 aliquid
1515 1301 1650 1392 produci
1675 1301 1802 1378 dicitur,
1828 1300 1926 1364 finem
1949 1300 1983 1364 in
1999 1323 2034 1364 se
2050 1299 2186 1364 habere.

442 1428 492 1492 Ita
524 1449 601 1491 vero
635 1438 817 1515 usurpatam
846 1426 922 1490 dum
951 1425 1136 1513 particulam
1167 1426 1287 1490 svetice
1317 1426 1368 1490 till
1399 1429 1477 1504 dees,
1506 1427 1687 1514 germanice
1718 1427 1764 1490 bis
1792 1428 1864 1489 dors
1891 1424 2056 1500 vertimus,
2085 1445 2186 1510 quam

442 1549 713 1638 significationem
736 1549 879 1637 Georges
902 1549 1083 1636 germanice
1106 1549 1334 1635 interpretatur
1357 1547 1434 1612 »Zur
1456 1548 1605 1636 Angabe‚
1630 1549 1701 1613 dass
1717 1548 1771 1612 die
1787 1545 1966 1634 Handlung
1981 1545 2039 1610 des
2056 1545 2185 1634 Haupt·

445 1686 545 1739 satzes
569 1672 686 1737 dauere
710 1672 759 1737 bis
783 1695 855 1736 aum
878 1671 1046 1736 llintreten
1070 1670 1128 1736 der
1149 1670 1328 1758 Handlung
1351 1672 1396 1735 im
1418 1671 1645 1736 Nebensatzer.

517 1843 520 1850 -
550 1800 592 1860 A.
639 1796 689 1860 De
713 1794 790 1860 dum
814 1795 971 1882 particula
993 1818 1067 1859 oum
1089 1795 1266 1859 indicativo
1289 1795 1472 1880 conjuncta.

554 1921 582 1982 1.
630 1918 772 1983 Primum
800 1917 841 1982 de
873 1918 913 1984 iis
945 1917 1026 1983 locis
1054 1917 1168 1996 dicam,
1197 1918 1253 1982 ubi
1281 1917 1352 1982 duae
1380 1918 1522 1982 actiones
1550 1940 1608 2005 per
1636 1916 1712 1980 dum
1741 1917 1929 2004 particulam
1957 1915 1991 1980 in
2024 1914 2184 1980 relatione

445 2041 556 2129 positae
579 2041 727 2128 praesenti
750 2053 894 2130 ternpore
919 2041 1047 2106 evenire
1072 2041 1231 2106 dicuntur.
1278 2041 1328 2105 Ita
1349 2063 1426 2104 vero
1449 2039 1610 2105 indicatur
1632 2063 1727 2104 unam
1751 2040 1911 2104 act-ionem
1935 2038 1974 2102 ad
1998 2038 2032 2102 id
2054 2051 2184 2126 tempus

444 2165 593 2254 produci,
619 2188 682 2253 quo
710 2164 773 2230 alia
800 2166 883 2229 actio
908 2165 976 2249 jam
999 2165 1172 2252 perficitur.
1220 2165 1291 2245 Quo
1314 2186 1374 2227 usu
1397 2186 1534 2252 praesens
1557 2163 1591 2227 in
1615 2176 1750 2250 utroque
1775 2162 1918 2227 membro
1942 2175 2121 2248 usurpatur,
2144 2175 2183 2224 ut

442 2283 523 2349 Hec.
553 2286 615 2349 417
647 2285 755 2372 aliquo
784 2285 878 2349 mihis
907 2285 979 2350 hinc
1006 2285 1211 2372 obleqandue,
1240 2288 1315 2350 dum
1342 2289 1432 2374 parit
1454 2285 1653 2350 Philumena.
1702 2286 1819 2350 Heaut.
1844 2287 1906 2350 717
1933 2306 2013 2348 unur
2036 2297 2081 2349 eet
2104 2286 2181 2360 dies,

445 2410 520 2472 dum
544 2420 709 2494 arpennum
737 2410 849 2495 eripio.
895 2407 1092 2496 Exemplum
1120 2421 1236 2484 autem,
1260 2409 1294 2478 iu
1319 2433 1383 2497 quo
1408 2411 1572 2475 invenitur
1595 2409 1728 2474 verbum
1751 2411 1901 2474 manendi
1923 2408 2084 2496 praecipue
2108 2407 2180 2494 dig·

442 2554 519 2594 num
536 2554 605 2595 esse
621 2529 750 2595 videtur
766 2530 852 2618 quod
869 2530 1048 2608 adnotetur,
1067 2543 1103 2595 ut
1118 2530 1246 2596 Phorm.
1263 2534 1326 2597 737
1346 2556 1466 2609 maneo,
1484 2536 1560 2596 dum
1577 2533 1641 2596 laoec
1657 2553 1726 2619 quc
1742 2533 1885 2620 loquitur
1899 2534 2001 2618 maqis
2018 2554 2180 2618 coynoaeo.

551 2655 581 2718 2.
628 2652 754 2718 Deinde
782 2653 821 2719 ad
851 2653 1001 2742 exempla
1022 2653 1197 2732 veniamus,
1220 2655 1254 2719 in
1279 2656 1395 2742 quibus
1419 2656 1489 2720 duae
1513 2655 1656 2720 actiones
1679 2678 1738 2743 per
1761 2654 1837 2718 dum
1861 2654 2050 2742 particulam
2074 2654 2108 2718 in
2131 2677 2180 2717 re·

443 2776 563 2842 latione
587 2777 698 2864 positae
722 2776 831 2840 futuro
855 2791 999 2864 tempore
1024 2790 1183 2842 eventurae
1207 2801 1275 2842 esse
1300 2778 1459 2844 dicuntur.
1506 2779 1558 2842 Ita
1580 2801 1656 2842 vero
1680 2778 1879 2866 significatur
1901 2801 1998 2842 unam
2021 2777 2180 2841 actionem

444 2898 540 2964 adid
565 2911 692 2986 tempus
715 2900 907 2988 productum
930 2899 980 2976 iri,
1005 2923 1069 2988 quo
1092 2901 1154 2965 alia
1177 2902 1259 2965 actio
1284 2902 1478 2989 perficietur.
1526 2901 1597 2981 Quo
1621 2924 1682 2964 usu
1703 2901 1738 2964 in
1762 2899 2013 2966 demonstrativo
2037 2900 2180 2965 membro

444 3021 607 3086 invenitur
639 3022 792 3098 futurum,
820 3023 853 3086 in
882 3023 1016 3087 relativo
1044 3035 1150 3088 autem
1179 3025 1322 3088 membro
1351 3024 1470 3112 legitur
1497 3047 1644 3111 praesens,
1674 3047 1744 3112 quae
1772 3023 1836 3087 duo
1864 3037 2011 3112 tempora
2036 3025 2122 3088 inter
2147 3047 2178 3086 sc

445 3145 600 3229 conjungi
627 3145 904 3209 inusitatissimam
932 3168 1000 3209 esse
1028 3145 1166 3223 videtur,
1191 3147 1311 3235 quippe
1336 3170 1434 3234 quum
1457 3170 1594 3234 praesens
1618 3146 1658 3210 de
1683 3147 1791 3212 futuro
1815 3158 1960 3234 tempore
1984 3143 2179 3211 adhibeatur.

445 3268 587 3348 Quorum
615 3267 837 3356 exemplorum
865 3269 899 3332 in
927 3269 1177 3334 demonstrativo
1207 3270 1349 3333 membro
1377 3293 1460 3357 saepe
1489 3271 1609 3358 legitur
1636 3269 1769 3334 verbum
1797 3272 2009 3356 exspectandi,
2038 3283 2075 3334 ut
2098 3267 2180 3334 Eun.

447 3393 510 3455 206
540 3392 719 3478 expectabo,
749 3393 824 3454 dum
851 3394 943 3455 verrit.
991 3392 1107 3457 Heaut.
1137 3393 1201 3458 833
1232 3405 1264 3456 tu
1294 3393 1344 3456 lic
1370 3415 1438 3468 ror,
1467 3394 1542 3456 dum
1571 3395 1699 3467 erimar,
1729 3395 1847 3457 interea
1872 3394 2067 3481 apparitore,
2091 3393 2182 3477 cujus

447 3513 589 3600 exempli
611 3513 646 3576 in
670 3513 919 3578 demonstrativo
943 3516 1086 3579 membro
1110 3515 1296 3581 adverbium
1319 3516 1491 3593 invenitur,
1517 3515 1603 3603 quod
1627 3516 1797 3604 temporali
1819 3517 1983 3603 particulae
1998 3515 2181 3605 respondet.

551 3636 638 3700 Adn.
665 3638 693 3700 1.
741 3636 913 3701 Nonnullis
928 3638 1009 3702 locis
1025 3639 1207 3703 enunciatio
1222 3663 1281 3727 per
1293 3639 1370 3704 dum
1381 3639 1569 3727 particulam
1582 3640 1665 3703 elata
1676 3639 1715 3703 ad
1729 3640 1970 3704 enunciationes
1982 3640 2183 3705 secundariae

447 3760 593 3836 refertur,
615 3781 685 3847 quae
703 3759 822 3824 habent
838 3761 1090 3844 conjunctivum,
1111 3763 1146 3827 in
1163 3761 1279 3850 quibus
1294 3763 1360 3826 vim
1377 3761 1535 3850 quandam
1552 3763 1652 3826 futuri
1668 3761 1772 3825 inesse
1789 3763 1864 3826 satis
1880 3785 2032 3851 apparere
2044 3763 2181 3827 videtur.

448 3883 587 3946 Primum
612 3882 741 3947 afferam
766 3884 961 3970 exemplum,
985 3884 1019 3948 in
1043 3908 1106 3970 quo
1129 3885 1292 3950 invenitur
1306 3884 1439 3950 verbum
1455 3886 1614 3961 manendi,
1632 3883 1759 3948 Phorm.
1777 3885 1840 3948 512
1857 3909 1975 3972 nequeo
1992 3909 2133 3961 eaorare,
2149 3897 2184 3948 ut

446 4029 495 4070 me
520 4017 645 4070 moneat
675 4042 716 4050 -
746 4006 820 4069 dum
849 4008 885 4070 id
912 4008 999 4092 quod
1026 4018 1069 4070 eat
1092 4009 1286 4094 promissum
1310 4009 1350 4072 ab
1374 4011 1484 4072 amieis
1508 4018 1673 4093 arpentum
1696 4008 1821 4093 aufero.
1868 4005 1996 4074 Deinde
2020 4007 2183 4073 afferenda

446 4141 521 4193 sunt
543 4126 608 4192 duo
632 4128 791 4215 exempla,
815 4128 849 4192 in
873 4129 989 4216 quibus
1012 4129 1176 4195 invenitur
1198 4129 1395 4208 adverbium,
1420 4130 1507 4216 quod
1528 4130 1696 4217 temporali
1718 4131 1881 4218 particule
1897 4130 2081 4219 respondet,
2097 4131 2180 4195 Eun.

448 4253 512 4317 894
539 4254 593 4317 uin
621 4254 750 4328 interea,
780 4253 855 4316 dum
883 4256 976 4330 uenit,
1006 4255 1094 4318 domi
1121 4255 1335 4342 opperiamur.
1383 4252 1526 4339 Adelph.
1555 4253 1620 4318 785
1644 4255 1707 4318 nisi
1735 4255 1810 4318 dum
1834 4255 1881 4318 hoe
1903 4253 2050 4318 eileecunt
2074 4255 2183 4330 turbe,

447 4376 566 4438 intereo
589 4376 623 4440 in
646 4375 798 4461 arpalum
821 4375 930 4463 aliquo
954 4377 1072 4441 abeam.

553 4495 640 4560 Adn.
671 4500 700 4560 2.
748 4501 780 4562 Α
808 4521 872 4585 quo
902 4521 961 4562 usu
989 4522 1054 4562 non
1081 4499 1218 4563 multum
1241 4498 1351 4564 abesse
1374 4499 1503 4564 videtur
1526 4523 1564 4564 ea
1586 4499 1718 4565 dicendi
1741 4497 1831 4575 ratio,
1856 4522 1955 4586 quum
1978 4499 2012 4565 in
2036 4499 2206 4587 primaria,

446 4619 672 4684 enunciatione
708 4621 827 4708 legitur
860 4622 1067 4711 imperativus
1101 4623 1275 4710 praesentis,
1310 4643 1380 4710 quse
1406 4620 1498 4685 verbi
1525 4620 1629 4685 forma
1656 4632 1690 4683 et
1716 4619 1787 4707 ipsa
1814 4619 1854 4684 ad
1882 4629 2010 4705 tempus
2039 4617 2184 4684 futurum

447 4755 580 4831 spectat.
628 4741 728 4828 Cujus
755 4766 831 4808 usus
853 4745 921 4809 haec
948 4745 1059 4811 inveni
1083 4745 1246 4833 exempla:
1270 4745 1373 4809 Andr.
1398 4745 1463 4809 328
1486 4744 1598 4809 saltem
1619 4744 1744 4830 aliquot
1767 4744 1833 4808 dies
1851 4741 1980 4829 profer,
2006 4743 2081 4806 dum
2100 4763 2182 4829 peo-

450 4867 576 4950 ficisoor
607 4866 727 4956 aliquo,
756 4891 794 4934 ne
820 4870 953 4934 videam.
1001 4867 1128 4934 Phorm.
1159 4870 1223 4936 982
1252 4870 1360 4948 retine,
1390 4869 1466 4932 dum
1494 4890 1550 4955 epo
1580 4867 1640 4933 huc
1666 4889 1769 4934 saraca
1797 4889 1898 4932 eroco.
1945 4865 2088 4956 Adelph.
2120 4864 2182 4930 196
