4752 5724
1832 479 1870 541 17

170 672 243 712 num
258 671 366 734 usque
383 650 463 711 dum
478 649 535 712 ille
548 651 647 714 vitam
662 649 753 713 illum
769 649 848 714 colet
860 652 985 736 inopem
1003 685 1041 695 -
1061 653 1180 714 interea
1195 671 1293 734 usque
1307 649 1360 712 ills
1375 651 1414 713 de
1425 673 1474 712 me
1494 649 1689 735 supplicium
1702 651 1796 726 dabo,
1809 651 1843 714 in
1855 672 1919 736 quo

171 771 324 858 exemplo
355 771 459 834 etism
487 770 569 835 illud
598 771 917 837 animadvertendum
945 795 1013 836 esse
1041 771 1179 848 videtur,
1208 770 1295 858 quod
1322 770 1475 836 sdverbis
1500 771 1567 849 ills,
1597 794 1666 858 quae
1694 773 1779 837 inter
1807 796 1841 836 se
1870 796 1917 836 re·

175 894 343 980 spondent,
375 916 438 982 per
462 892 639 958 chissmum
663 895 718 982 qui
741 909 881 973 vocetur,
906 895 1011 982 posito
1033 906 1116 959 suot.
1164 894 1312 981 Denique
1336 894 1370 957 in
1393 893 1643 958 demonstrativo
1667 895 1811 958 membro
1834 919 1919 958 sune

183 1017 325 1102 paru'culs
350 1017 583 1100 conjunctioni
606 1017 775 1105 temporali
798 1017 974 1105 respondet
997 1016 1139 1104 Adelph.
1167 1017 1239 1080 107.
1287 1014 1453 1080 Postremo
1477 1017 1662 1102 exemplum
1686 1030 1800 1096 exstet,
1825 1019 1918 1102 cujus

183 1140 214 1202 in
234 1139 488 1203 demonstrativo
513 1141 658 1208 membro
682 1153 748 1204 tum
771 1139 957 1204 adverbium
982 1141 1057 1204 dum
1080 1139 1244 1226 particule
1267 1138 1442 1225 respondet
1464 1138 1592 1202 Phorm.
1618 1139 1692 1203 549.

270 1261 369 1326 Nunc
402 1263 562 1349 exempla
588 1263 795 1351 inspiciamus
823 1264 856 1327 in
885 1262 1000 1349 quibus
1029 1261 1106 1326 dum
1134 1261 1323 1349 particulam
1350 1261 1471 1326 svetice
1495 1261 1548 1324 till
1571 1263 1638 1325 dese
1660 1262 1915 1348 interpretamur.

164 1386 271 1448 Etiam
299 1387 337 1448 in
360 1385 401 1448 iis
425 1388 556 1449 interea
578 1385 765 1450 adverbium
790 1386 1011 1470 conjunctioni
1034 1385 1203 1472 temporali
1225 1383 1410 1472 respondet,
1433 1396 1471 1447 ut
1492 1382 1609 1449 Hesut.
1634 1384 1710 1462 833,
1733 1384 1816 1449 Eun.
1841 1385 1916 1462 894,

162 1507 307 1594 Adelph.
333 1509 410 1572 785.
463 1506 599 1571 Deinde
618 1531 798 1596 parumper
820 1506 1005 1572 adverbium
1029 1507 1198 1594 temporali
1222 1507 1385 1592 particule
1407 1505 1582 1591 respondet
1604 1506 1705 1571 Andr.
1730 1508 1806 1570 714.

1017 2609 1075 2692 V.

264 2817 348 2882 Jsm
374 2816 416 2880 sd
442 2829 638 2904 poetremsm
659 2816 755 2901 hujus
772 2815 1009 2901 conjunctionis
1024 2815 1191 2880 notionem
1208 2814 1449 2880 describendam
1465 2829 1601 2880 transeo.
1648 2815 1733 2880 Dum
1748 2815 1915 2903 particule,

156 2961 229 3028 'quse
254 2965 273 3005 e
298 2941 335 3004 vi
361 2953 398 3004 et
422 2951 536 3004 nauus
559 2961 617 3004 sua
638 2940 792 3026 temporis
815 2939 977 3004 terminati
991 2937 1148 3002 rationem
1165 2939 1326 3025 exprimit,
1342 2951 1511 3025 usurpetur
1527 2938 1624 3002 etism
1640 2937 1679 3002 ud
1695 2938 1915 3003 conditionem

161 3061 478 3148 iudicandumque
501 3062 609 3148 alique
631 3062 790 3128 sententis
812 3061 865 3126 vel
889 3084 939 3126 res
962 3071 1136 3125 coercetur.
1176 3043 1321 3124 Its'vero
1337 3059 1414 3123 dum
1429 3060 1586 3147 particula
1601 3059 1762 3146 significet
1777 3060 1914 3147 aliquem

168 3207 240 3246 rem
263 3154 351 3248 intre
374 3184 529 3270 quosdam
553 3183 748 3260 conditionis
769 3184 923 3248 terminos
943 3182 1104 3268 restringi,
1125 3183 1178 3246 vel
1198 3195 1235 3246 ut
1250 3181 1343 3246 aliter
1357 3180 1472 3260 dicem,
1489 3182 1629 3269 sliqusm
1644 3204 1712 3246 rem
1728 3179 1913 3246 conditione

170 3305 310 3391 qusdsm
335 3307 470 3372 concedi
493 3330 599 3395 posse.
646 3307 717 3386 Quo
740 3330 801 3372 usu
824 3306 901 3373 dum
924 3305 1114 3393 perticulam
1136 3305 1257 3368 svetice
1282 3327 1333 3369 om
1357 3305 1446 3382 brou,
1462 3305 1645 3392 germanice
1661 3327 1748 3369 werse
1763 3327 1835 3382 rtur,
1852 3327 1916 3394 rtur

168 3431 247 3492 dass
270 3429 525 3517 interpretemur.

276 3549 352 3630 Qus
374 3552 505 3616 notione
527 3552 666 3640 positum
689 3552 766 3616 dum
789 3551 979 3640 perticulam
1002 3549 1087 3638 opud
1110 3550 1232 3638 priscos
1255 3549 1425 3637 scriptores
1448 3572 1687 3636 nonnumquam
1703 3571 1776 3614 oum
1791 3548 1913 3614 indies·

171 3671 241 3733 tivo
264 3674 420 3760 conjungi
442 3697 537 3761 posse
561 3673 659 3740 docet
679 3675 797 3739 Holtze
822 3675 857 3757 (l.
881 3675 908 3738 o.
925 3697 957 3761 p.
976 3673 1065 3755 130),
1082 3673 1173 3758 cujus
1188 3695 1264 3736 usus
1280 3672 1365 3760 apud
1381 3673 1569 3737 Terentium
1584 3672 1711 3737 nullum
1727 3673 1913 3760 exemplum

171 3790 346 3854 invenitur.
390 3793 504 3881 Neque
528 3806 636 3859 tumen
658 3795 721 3860 hoc
744 3796 817 3860 looo
840 3795 1039 3884 negligenda
1055 3818 1122 3860 esse
1139 3794 1267 3860 videtur
1282 3795 1477 3880 conjecturs,
1494 3817 1589 3881 quem
1605 3793 1760 3859 Dzistzko
1775 3795 1913 3882 protulit

168 3911 320 3999 Adelph.
343 3915 416 3994 223,
442 3920 535 4004 quasi
552 3919 624 4003 jam
646 3939 781 4005 usquam
806 3919 865 3983 tibi
886 3921 949 3982 sr'rst
965 3921 1080 4004 viyirsts'
1095 3921 1198 3995 mirre,
1215 3919 1290 3981 dum
1307 3918 1380 3981 huie
1397 3918 1576 4004 obsequere,
1593 3916 1650 3981 ubi
1666 3940 1724 4004 pro
1742 3918 1914 4003 obsequere

165 4059 271 4122 quum
296 4036 375 4101 ulios
396 4039 551 4105 lectiones
574 4040 709 4128 protulit
732 4053 801 4105 tum
825 4041 921 4105 etiem
942 4040 1039 4105 hono:
1055 4043 1235 4117 adversare,
1253 4062 1348 4126 quum
1363 4040 1537 4104 lectionem
1554 4061 1592 4104 es
1607 4061 1700 4104 osuss
1714 4037 1911 4127 probandam

164 4181 235 4224 esse
264 4173 388 4239 censet,
417 4163 504 4248 quod
533 4163 697 4228 existimet
724 4162 800 4228 dum
830 4163 1019 4250 perticulam
1048 4186 1086 4227 ec
1112 4163 1244 4227 notione
1274 4184 1346 4226 cum
1369 4161 1545 4226 indicativo
1568 4161 1724 4248 conjungi
1747 4185 1852 4249 posse,
1876 4162 1911 4227 id

165 4279 258 4368 quod
281 4283 386 4362 docet,
411 4309 512 4372 quum
537 4273 618 4350 dicit
640 4285 686 4374 (p.
711 4286 783 4368 37);
808 4285 865 4350 »ds
888 4285 945 4350 der
967 4284 1132 4350 Indikstiv
1154 4308 1235 4373 ganz
1258 4296 1318 4372 gut
1339 4284 1452 4349 stehen
1471 4284 1572 4363 ¹lrunn,
1590 4282 1646 4348 dss
1661 4283 1910 4350 Thststchliche

161 4403 416 4470 bezeichnends.

273 4527 366 4592 Aliis
394 4540 498 4593 sutem
526 4529 607 4594 locis
636 4529 713 4594 dum
740 4529 897 4617 particule
923 4530 1009 4619 spud
1032 4530 1219 4596 Terentium
1243 4552 1316 4593 oum
1339 4529 1548 4614 conjunctivo
1571 4529 1788 4614 conjungitur,
1812 4542 1910 4618 etque

162 4649 196 4712 id
222 4649 354 4735 quidem
377 4652 436 4728 ite,
460 4663 498 4716 ut
518 4674 645 4740 semper
667 4652 874 4737 conjunctivo
897 4653 1061 4741 presentis
1085 4652 1286 4740 sdjungstur.
1333 4651 1477 4716 Primum
1501 4650 1633 4738 quidem
1657 4653 1808 4740 exemplo
1830 4653 1909 4718 sffe-

161 4795 241 4850 rsm,
274 4795 412 4858 quorum
439 4775 474 4838 in
504 4773 754 4840 demonstrativo
778 4775 921 4840 membro
946 4775 1065 4862 legitur
1087 4775 1280 4840 indicativus
1303 4775 1477 4862 presentis,
1501 4786 1539 4838 ut
1561 4773 1664 4839 Andr.
1690 4776 1753 4839 675
1777 4799 1825 4862 sq.
1851 4800 1907 4862 epo

160 4933 204 4942 -
231 4897 330 4961 debeo
354 4932 398 4941 —
424 4900 541 4983 cupitis
563 4897 721 4982 periclum
749 4900 850 4974 adire,
880 4901 955 4962 dum
978 4902 1103 4986 prosim
1133 4899 1200 4962 tibi.
1225 4897 1304 4961 ibid.
1330 4897 1395 4961 825
1420 4899 1496 4960 dum
1518 4899 1555 4960 id
1577 4899 1695 4985 efficias
1716 4901 1803 4986 quod
1819 4903 1908 4986 cupis

157 5041 263 5108 oeque
286 5023 418 5084 modurn
443 5021 645 5106 beniyru'totr's
667 5044 765 5108 oeque
788 5023 867 5106 quid
889 5045 938 5085 me
961 5044 1028 5085 ores
1049 5025 1178 5108 sopitas.
1225 5019 1341 5084 Hecut.
1363 5021 1428 5084 715
1447 5033 1479 5084 tu
1491 5021 1566 5107 fors
1582 5023 1663 5107 quid
1677 5047 1727 5086 me
1737 5024 1801 5110 fiat
1811 5025 1910 5108 porci

1855 5123 1873 5178 3
