4752 5724
960 996 1210 1078 DONEC.
1315 958 1319 967 ’

321 1206 465 1272 Primum
488 1207 529 1272 de
554 1231 592 1272 ea
613 1180 745 1273 notione
769 1210 1038 1274 commonendum
1062 1222 1120 1289 est,
1145 1234 1208 1299 qua
1230 1211 1301 1275 duae
1324 1211 1465 1276 actiones
1481 1233 1539 1296 per
1555 1209 1657 1274 donec
1672 1209 1861 1297 particulam
1878 1232 1952 1273 con·

211 1331 395 1418 junguntur
418 1343 513 1417 atque
537 1331 570 1394 in
593 1330 748 1396 relatione
772 1331 817 1396 ita
839 1344 1011 1420 ponuntur,
1037 1346 1073 1398 ut
1096 1334 1249 1422 quamdiu
1273 1336 1372 1399 altera
1392 1333 1475 1398 actio
1497 1333 1537 1397 ad
1558 1331 1656 1396 finem
1676 1329 1879 1419 perducatur,
1896 1339 1954 1419 per

216 1452 304 1518 idem
332 1453 486 1540 temporis
513 1453 654 1540 spatium
682 1453 781 1519 altera
808 1455 891 1520 actio
919 1455 1032 1520 durare
1061 1456 1195 1521 dicatur.
1242 1458 1291 1521 lta
1317 1479 1395 1520 vero
1424 1467 1607 1541 usurpatam
1635 1454 1739 1518 donec
1763 1455 1952 1541 particulam

217 1555 339 1641 sueticc
362 1580 399 1639 act
423 1575 516 1662 laage
538 1599 615 1654 som,
640 1578 821 1664 germanice
844 1603 878 1642 sc
896 1578 988 1665 laage
1003 1579 1050 1642 ala
1065 1579 1321 1667 interpretamur,
1339 1579 1433 1664 cujus
1450 1598 1524 1642 usus
1540 1590 1647 1641 tamen
1664 1575 1749 1663 apud
1765 1576 1953 1641 Terentium

217 1697 307 1762 nulla
330 1699 480 1786 exempla
501 1699 719 1764 inveniuntur.

322 1820 449 1886 Deinde
483 1821 523 1886 de
558 1845 595 1886 ea
622 1821 753 1888 notione
782 1821 956 1888 dicendum
985 1823 1054 1901 erit,
1084 1847 1147 1910 qua
1174 1845 1244 1912 quae
1273 1824 1415 1889 actiones
1443 1847 1501 1910 per
1529 1822 1632 1887 donec
1661 1820 1849 1909 particulam
1878 1844 1953 1885 con·

212 1941 395 2030 junguntur
423 1955 519 2030 atque
542 1944 576 2008 in
599 1944 753 2010 relatione
777 1959 951 2033 ponuntur,
976 1969 993 2010 e
1017 1947 1134 2034 quibus
1158 1929 1221 2011 una
1243 1947 1440 2022 terminatur,
1465 1969 1565 2033 quum
1588 1945 1687 2009 altera
1709 1943 1881 2009 succedere
1905 1942 1953 2006 di-

216 2067 307 2130 citur.
355 2066 427 2145 Quo
455 2088 515 2130 usn
543 2065 703 2131 indicatur
730 2068 912 2146 terminum,
942 2069 981 2132 ad
1010 2091 1107 2156 quem
1130 2069 1252 2156 aliquid
1276 2069 1411 2156 produci
1435 2068 1563 2145 dicitur,
1587 2067 1684 2132 finem
1707 2067 1740 2130 in
1764 2090 1798 2130 se
1821 2065 1949 2131 habere.

215 2189 267 2254 Ita
289 2212 365 2254 vero
389 2202 572 2276 usurpatam
596 2191 699 2255 donee
722 2192 911 2280 particulam
935 2193 1056 2256 suetice
1081 2193 1132 2255 till
1155 2195 1233 2268 desa,
1257 2191 1439 2279 germanice
1465 2191 1510 2254 bis
1534 2192 1606 2254 dass
1628 2191 1882 2277 interpretamur.

322 2312 464 2376 Primum
489 2312 529 2377 de
553 2313 592 2377 iia
617 2314 774 2400 exemplis
797 2337 899 2400 pauca
922 2314 1035 2392 dicam,
1058 2315 1092 2378 in
1117 2315 1233 2402 quibus
1258 2314 1328 2377 duae
1352 2314 1493 2377 actiones
1516 2335 1574 2399 pcr
1590 2311 1694 2375 donec
1709 2311 1898 2397 particulam
1913 2311 1946 2376 in

216 2435 371 2500 relatione
400 2435 512 2520 posita
540 2447 683 2522 tempore
712 2413 872 2522 praeterito
896 2437 1040 2500 evenisse
1065 2436 1225 2501 dicuntur.
1273 2436 1345 2516 Quo
1369 2455 1428 2498 usu
1453 2434 1651 2522 significatur
1675 2454 1770 2498 unam
1794 2433 1952 2498 actionem

216 2557 256 2620 ad
279 2556 312 2620 id
337 2569 464 2642 tempus
487 2557 676 2644 productam
700 2581 779 2636 ease,
804 2581 868 2646 quo
891 2559 954 2622 alia
977 2558 1060 2623 actio
1080 2561 1148 2644 jam
1171 2559 1316 2646 perfecta
1338 2559 1388 2622 sit.
1436 2557 1537 2640 Cujus
1562 2576 1635 2620 usus
1660 2555 1725 2619 duo
1745 2580 1865 2642 genera
1880 2571 1954 2622 sunt

217 2677 437 2744 discernenda
1734 2761 1737 2768 Ι

327 2801 396 2866 Una
419 2814 467 2866 cst
489 2801 619 2866 dicendi
642 2803 732 2881 ratio,
756 2825 856 2889 quum
879 2805 912 2868 in
933 2817 1070 2890 utroque
1087 2803 1230 2868 membro
1246 2801 1365 2888 legitur
1380 2801 1560 2888 perfectum
1577 2789 1773 2863 historicum.
1814 2799 1863 2864 Ita
1877 2824 1953 2864 vero

216 2923 416 3011 significatur
440 2947 535 2988 unam
559 2926 718 2989 actionem
742 2924 857 2990 eodem
881 2927 1033 3014 temporis
1056 2939 1178 3012 puncto
1203 2925 1401 2990 terminatam
1426 2946 1494 2987 esse
1519 2945 1583 3008 quo
1604 2922 1703 2986 altera
1714 2922 1782 3006 jam
1798 2921 1951 2988 adfinem

219 3045 373 3130 perducta
395 3045 445 3122 sit,
471 3047 564 3130 cujus
587 3068 662 3110 usus
686 3067 786 3110 unum
810 3059 914 3112 exstat
937 3049 1123 3135 exemplum
1148 3049 1228 3112 Hoc.
1255 3047 1317 3110 125
1342 3069 1388 3134 sq.
1413 3069 1511 3131 unque
1533 3045 1617 3108 illud
1637 3045 1765 3122 uisum
1780 3044 1954 3133 Pamphilo

217 3190 255 3230 ns
282 3170 427 3252 utiquam
452 3192 559 3254 prave,
584 3170 682 3232 donec
699 3169 771 3253 jam
795 3171 829 3232 ia
853 3171 930 3256 ipsis
954 3173 1075 3257 nuptiis
1100 3208 1140 3216 -
1166 3171 1212 3234 iti
1235 3172 1360 3234 demum
1383 3171 1429 3231 ita
1452 3189 1534 3253 oeprs
1557 3167 1639 3230 tulit.
1686 3167 1787 3251 Cujus
1812 3167 1954 3254 exempli

219 3311 275 3352 cur
302 3289 335 3352 in
364 3301 498 3376 utroque
522 3290 665 3355 membro
690 3291 800 3355 eadem
824 3306 970 3378 tempora
992 3292 1212 3371 adhibeantur,
1237 3315 1278 3355 cx
1303 3314 1341 3355 eo
1363 3290 1505 3376 intelligi
1529 3301 1645 3376 potest,
1670 3288 1757 3375 quod
1782 3290 1865 3353 actio
1889 3314 1954 3355 non

218 3410 322 3476 solum
344 3413 510 3500 primaria,
534 3412 590 3477 sed
615 3413 711 3478 etiam
734 3414 928 3478 secundariae
952 3415 1186 3480 enunciationis
1211 3435 1301 3500 paene
1326 3412 1473 3497 ejusdcm
1496 3412 1651 3476 momenti
1668 3423 1702 3476 et
1716 3411 1868 3498 ponderis
1885 3435 1953 3477 csse

216 3533 355 3599 videtur.

322 3658 437 3722 Altera
464 3671 571 3723 autem
595 3670 644 3722 est
667 3656 797 3723 dicendi
820 3659 911 3736 ratio,
935 3678 1034 3745 quum
1058 3659 1092 3722 in
1116 3660 1216 3724 altero
1240 3657 1383 3722 membro
1407 3655 1615 3721 inveniuntur
1637 3654 1780 3732 relativa,
1805 3676 1876 3743 quoe
1898 3681 1954 3720 vo-

217 3792 337 3858 cantur,
361 3794 506 3868 tempora
529 3781 695 3868 praeterita.
743 3782 845 3866 Cujus
861 3801 936 3846 usus
953 3800 1052 3846 unum
1068 3793 1174 3846 exstat
1189 3782 1386 3868 exemplum,
1403 3781 1496 3864 cujus
1511 3780 1545 3843 in
1562 3779 1712 3866 primaria
1727 3779 1954 3845 enunciatione

217 3902 336 3990 legitur
357 3901 537 3967 infinitivus
560 3902 741 3982 historicus,
766 3924 836 3991 quae
859 3903 949 3968 verbi
973 3903 1077 3970 forma
1099 3904 1234 3969 eandem
1256 3904 1323 3967 vim
1346 3926 1383 3966 ac
1406 3901 1570 3966 notionem
1593 3900 1692 3967 habat
1713 3913 1809 3988 atque
1831 3901 1952 3967 indica·

216 4025 302 4089 tivus
331 4024 524 4110 imperfecti,
553 4027 655 4090 Andr.
682 4028 745 4091 662
769 4027 911 4102 euadere,
936 4049 1029 4092 orare
1051 4049 1149 4114 usque
1171 4028 1261 4102 adeo,
1286 4027 1383 4090 donec
1400 4023 1558 4111 perpulit,
1583 4043 1647 4110 quo
1670 4043 1731 4087 usu
1754 4024 1955 4112 significatur

215 4171 311 4212 unam
335 4147 494 4211 actionem
518 4148 706 4214 etiamtum
729 4148 883 4214 infectam
906 4148 1017 4227 fuisse,
1043 4169 1143 4236 quum
1166 4147 1265 4213 altera
1287 4146 1327 4212 ad
1350 4146 1448 4211 finem
1464 4145 1620 4233 perducta
1634 4145 1684 4210 sit.
1725 4146 1829 4226 Quem
1845 4146 1954 4211 locum

216 4289 409 4357 quamquam
432 4269 478 4333 ita
502 4270 727 4358 accipiendum
751 4294 819 4336 esse
843 4269 985 4358 Spengel
1009 4271 1044 4354 (l.
1070 4295 1097 4336 o.
1122 4296 1153 4359 p.
1169 4271 1258 4352 Ι102)
1283 4280 1402 4346 censet,
1426 4281 1533 4333 tamen
1557 4267 1620 4332 alia
1641 4269 1865 4357 interpretatio
1881 4293 1953 4357 pro·

218 4391 285 4456 bari
313 4414 406 4478 posse
436 4391 574 4457 videtur.
621 4392 703 4457 Nam
732 4413 831 4480 quum
859 4391 1012 4458 infinitivi
1039 4393 1088 4458 illi
1117 4393 1157 4457 ad
1184 4392 1329 4469 verbum,
1358 4390 1444 4478 quod
1472 4390 1626 4477 praecedit
1653 4393 1813 4471 (destitit),
1838 4390 1951 4456 referri

216 4514 348 4601 possint,
377 4514 459 4579 nihil
482 4515 640 4604 impedire
663 4515 800 4594 videtur,
826 4515 996 4602 quominus
1020 4515 1083 4580 hoc
1106 4514 1293 4602 exemplum
1316 4512 1431 4578 eodem
1455 4512 1551 4577 modo
1576 4513 1751 4600 accipiatur
1772 4533 1837 4602 quo
1857 4514 1953 4593 illud,

216 4636 303 4724 quod
326 4661 403 4702 mox
425 4658 522 4726 supra
542 4637 645 4704 attuli.

322 4760 450 4826 Deinde
479 4760 520 4826 de
547 4761 588 4825 iis
616 4760 774 4848 exemplis
797 4759 911 4840 dicam,
936 4761 970 4826 in
993 4761 1111 4849 quibus
1134 4760 1205 4824 dnae
1229 4759 1371 4824 actiones
1394 4781 1451 4848 per
1474 4758 1578 4823 donec
1601 4759 1793 4846 particulam
1816 4759 1852 4824 in
1874 4761 1954 4826 rela-

216 4872 305 4948 tione
328 4883 441 4971 positoe
464 4884 575 4948 futuro
592 4895 737 4970 tempore
754 4894 915 4948 eventura
932 4906 1000 4948 esse
1016 4883 1177 4948 dicuntur.
1217 4883 1318 4966 Cujus
1335 4902 1410 4946 usus
1426 4881 1491 4945 duo
1507 4904 1627 4969 genera
1641 4895 1717 4947 sunt
1731 4882 1953 4949 discernenda.

325 5003 396 5075 Una
422 5028 498 5072 vero
526 5019 575 5076 est
603 5005 733 5073 dicendi
760 5007 852 5084 ratio,
881 5027 982 5096 quum
1010 5006 1043 5069 in
1073 5019 1208 5093 utroque
1232 5003 1375 5069 membro
1400 5005 1519 5090 legitur
1541 5005 1687 5069 futurum
1710 5006 1859 5093 primum.
1906 5007 1956 5070 Ita
