4752 5724
457 341 498 410 10

411 530 518 582 sctum
543 521 619 606 dum
641 520 677 594 it,
701 519 889 582 secundnm
911 517 992 582 milri
1015 519 1112 583 dedit.
1159 515 1286 582 Phorm.
1314 517 1399 582 1006
1424 531 1452 583 et
1475 521 1550 584 inde
1566 519 1676 608 filiam
1698 522 1833 607 succepit
1851 519 1923 606 jem
1945 543 2051 597 anem,
2077 521 2152 584 dnm

413 653 446 704 tu
475 643 603 705 dormis.
650 637 730 705 Heu.
760 641 825 705 800
848 642 979 728 smsstca
1005 643 1062 704 ubi
1089 654 1188 706 totum
1219 643 1326 705 desedi
1353 643 1446 719 dieta,
1475 642 1661 728 Myconium
1689 643 1843 729 hospitem
1867 645 1943 706 dnm
1967 656 2094 730 ecpecto
2117 646 2151 706 in

412 787 487 828 occe
516 763 765 830 Callidemidem.
813 763 956 850 Adelph.
987 764 1049 828 541
1075 776 1233 851 pretereo
1261 775 1375 839 cutm,
1405 765 1481 827 dnm
1504 763 1596 827 illum
1620 787 1737 850 quero,
1762 789 1782 827 o
1803 765 1882 828 ville
1901 769 2150 830 mercennarium

408 887 486 950 cidi.
514 885 593 950 ibid.
623 887 685 950 691
716 887 781 950 lsoec
808 888 884 950 dum
912 887 1049 963 dubitus,
1077 910 1193 951 metues
1216 887 1362 950 obiectent
1385 889 1498 951 decem.
1523 885 1602 952 ibid.
1628 887 1693 950 868
1717 886 1789 950 lseio
1808 899 1923 964 autem,
1945 890 2021 952 dum
2040 891 2150 953 studeo

409 1008 476 1073 illis
502 1020 538 1072 nt
565 1033 661 1095 quam
684 1008 863 1096 plurimum
888 1009 1042 1096 facerent,
1072 1012 1207 1073 contrivi
1233 1012 1268 1072 in
1296 1011 1471 1094 quaerundo
1497 1011 1596 1073 citum
1624 1021 1719 1096 etque
1741 1022 1863 1074 oetetem
1885 1033 1996 1074 mecm.
2044 1012 2149 1077 Andr.

408 1131 473 1196 822
498 1133 574 1195 dnm
596 1133 706 1195 studeo
730 1132 859 1217 obsequi
882 1133 951 1209 tibi,
974 1154 1063 1218 pone
1085 1131 1183 1196 inlusi
1205 1134 1303 1195 vitem
1322 1131 1414 1220 filice.

514 1253 601 1318 Adn.
648 1251 721 1318 Hoc
744 1254 818 1318 loco
841 1277 906 1319 non
929 1254 1070 1320 alienum
1094 1256 1156 1319 erit
1177 1253 1350 1318 admonere
1373 1254 1584 1319 indicativum
1607 1253 1700 1319 illum
1724 1255 1888 1342 praesentis
1909 1253 2006 1319 etiam
2027 1256 2061 1320 in
2077 1279 2145 1321 ors·

406 1376 495 1440 tione
519 1374 651 1462 oblique
673 1375 835 1440 interdum
857 1375 998 1454 retineri,
1024 1399 1121 1463 quum
1146 1377 1331 1441 enunciatio
1354 1377 1539 1464 temporalis
1563 1375 1602 1441 ad
1626 1375 1823 1441 infinitivum
1847 1375 1986 1464 perfecti
2000 1378 2147 1456 refertur,

406 1499 462 1585 qui
486 1521 504 1562 e
526 1497 625 1562 verbo
653 1497 783 1563 dicendi
808 1498 939 1586 pendet.
987 1498 1087 1583 Cujus
1110 1522 1186 1563 usus
1210 1499 1274 1562 duo
1299 1511 1427 1563 exstant
1450 1499 1609 1586 exempla,
1631 1497 1749 1564 Heaut.
1773 1500 1814 1563 16
1835 1523 1910 1563 nam
1931 1501 2018 1586 quod
2036 1509 2146 1566 cumo-

405 1643 454 1688 res
484 1621 675 1686 distulerunt
702 1620 847 1685 malivoli
870 1621 986 1686 maltos
1015 1625 1242 1686 contaminasse
1274 1619 1410 1698 Grecos,
1435 1623 1511 1684 dum
1529 1621 1617 1708 fucit
1636 1645 1760 1708 paucae
1782 1621 1928 1686 Latinus.
1974 1620 2053 1685 Hec.
2080 1623 2144 1688 829

406 1746 546 1830 dicitque
567 1763 631 1808 sese
653 1743 705 1808 illi
727 1743 868 1822 anulum,
893 1746 968 1808 dnm
992 1744 1102 1821 luctet,
1127 1746 1308 1808 detrnaiase.

515 1867 548 1946 b)
594 1865 722 1931 Deinde
757 1889 856 1954 quum
892 1867 932 1932 de
960 1867 1116 1932 absolutis
1143 1845 1343 1956 temporibus
1372 1867 1538 1954 preteritis
1557 1868 1626 1951 jem
1650 1867 1724 1932 satis
1748 1865 1872 1932 dictum
1896 1890 1964 1932 esee
1988 1867 2142 1944 videatur,

407 1987 451 2054 ad
474 1976 617 2067 relitiva,
641 2011 711 2076 quae
735 2002 899 2068 vocentur,
915 2003 1062 2078 tempora
1076 1991 1238 2078 preterita
1253 1991 1429 2070 veniemus,
1446 2013 1582 2077 quorum
1597 1990 1632 2054 in
1648 2012 1781 2054 numero
1796 1991 1909 2054 referri
1925 1991 2009 2055 solet
2024 1989 2144 2056 indies·

405 2110 491 2173 tirus
514 2108 707 2198 imperfecti.
754 2113 864 2198 Atque
887 2112 1115 2200 imperfectum
1139 2135 1238 2199 quum
1262 2113 1419 2178 actionem
1444 2111 1577 2188 indicet,
1594 2135 1664 2199 quoe
1681 2111 1796 2176 eodem
1812 2125 1956 2199 tempore
1973 2112 2144 2200 preterito,

406 2254 470 2320 quo
494 2233 556 2296 alia
578 2256 641 2320 que
663 2234 746 2298 actio
770 2234 879 2302 evenit
901 2247 935 2299 et
958 2234 1102 2322 perfecte
1124 2235 1198 2312 fuit,
1223 2235 1345 2300 infecte
1367 2247 1443 2312 erat,
1468 2235 1622 2321 sequitur,
1638 2247 1676 2298 ut
1690 2235 1747 2299 illa
1762 2235 1866 2299 forma
1881 2247 1935 2298 aut
1951 2233 1991 2298 de
2008 2234 2142 2298 actioni·

405 2354 475 2434 bue,
500 2379 569 2444 quae
593 2377 651 2444 per
672 2356 802 2444 longius
825 2358 978 2445 temporie
1002 2357 1140 2445 epatium
1164 2357 1292 2422 durasse
1316 2357 1476 2436 dicuntur,
1493 2369 1548 2420 aut
1563 2356 1604 2421 de
1620 2356 1810 2436 actionibus,
1827 2377 1905 2443 quas
1921 2356 2035 2443 saepius
2050 2356 2144 2419 itera·

405 2491 453 2542 tae
474 2501 543 2542 esee
564 2479 692 2558 scimus,
713 2493 893 2564 usurpetur.
932 2479 1032 2565 Cujus
1048 2503 1124 2544 usus
1140 2503 1238 2545 uuum
1256 2491 1361 2544 exstet
1381 2479 1578 2566 exemplum,
1595 2479 1687 2563 cnjus
1703 2479 1736 2542 iu
1753 2479 1903 2566 primaria
1918 2478 2143 2600 enunciatione

406 2601 571 2666 iuvenitur
585 2600 780 2666 indicativus
795 2603 990 2690 imperfecti,
1006 2603 1088 2668 Hee.
1106 2604 1170 2668 802
1188 2606 1297 2686 itaque
1311 2605 1436 2690 ineptus
1448 2601 1542 2667 lodie
1554 2604 1629 2666 dnm
1640 2601 1693 2666 illi
1703 2603 1804 2676 sedeo,
1817 2613 1853 2664 ut
1865 2603 1997 2688 quisque
2008 2612 2144 2676 nemrot,

406 2725 600 2802 accedebam,
617 2724 651 2788 in
668 2749 732 2814 quo
753 2725 904 2813 exemplo
921 2725 1114 2792 indicativus
1131 2724 1317 2814 imperfecti
1333 2726 1440 2813 potius
1453 2725 1493 2790 ed
1505 2725 1716 2790 indicativum
1728 2723 2036 2812 plusquamperfecti
2049 2746 2145 2810 quem

406 2847 445 2911 ad
469 2847 681 2912 indicativum
704 2849 868 2937 presentie
891 2850 925 2914 in
949 2849 1229 2914 enunciationibue
1250 2848 1456 2926 secundariis,
1478 2870 1547 2935 quae
1567 2847 1762 2936 precedunt,
1779 2846 1891 2911 referri
1907 2845 2068 2934 putandus
2085 2858 2142 2910 eet.

512 2971 599 3036 Adn.
645 2971 856 3037 Notissimum
880 2985 929 3036 eat
951 2973 1174 3059 grammaticos
1198 2972 1315 3036 docere
1339 2972 1441 3036 solere
1466 2971 1543 3035 dum
1565 2971 1765 3059 perticulam,
1790 2970 1915 3036 etiamsi
1936 2970 1977 3034 de
1997 2981 2143 3056 tempore

405 3093 565 3178 preterito
600 3093 733 3172 dicetm,
763 3118 835 3158 cum
859 3094 1035 3158 indicativo
1058 3095 1221 3182 presentis
1245 3094 1401 3180 conjungi
1415 3091 1450 3176 ¹).
1498 3093 1600 3172 Quam
1623 3095 1768 3180 regulam
1793 3094 1889 3158 etiam
1913 3093 1999 3181 apud
2023 3092 2142 3156 Teren·

403 3217 485 3280 tium
508 3229 663 3282 servatam
686 3218 841 3282 invenies.
888 3217 970 3281 Nam
994 3218 1020 3282 ai
1044 3217 1203 3304 exempla,
1228 3241 1298 3304 quae
1321 3239 1416 3303 supra
1436 3229 1510 3290 sumt
1530 3216 1634 3294 allata,
1650 3215 1868 3304 perlegentur,
1885 3215 2005 3304 ubique
2021 3213 2142 3279 indice·

403 3339 506 3402 tivum
529 3340 692 3426 presentis
716 3339 871 3404 invenies.

509 3461 553 3524 B.
599 3462 650 3527 De
674 3462 752 3526 dum
774 3463 932 3550 particula
954 3487 1027 3528 cum
1051 3463 1260 3548 conjunctivo
1284 3463 1412 3526 sociata.

510 3583 615 3662 Quum
645 3607 686 3649 ex
714 3584 764 3661 iis,
794 3608 863 3672 quse
891 3608 986 3673 supra
1013 3599 1087 3650 eunt
1115 3587 1219 3663 allata,
1244 3586 1319 3649 setis
1343 3607 1494 3672 apparere
1518 3583 1665 3649 videatur
1689 3583 1765 3647 dum
1789 3582 1988 3670 perticulam,
2013 3580 2141 3646 etremei

403 3703 437 3765 in
465 3704 607 3768 cretione
637 3704 769 3791 obliqua
795 3705 901 3791 posita
927 3705 978 3782 sit,
1006 3717 1114 3769 tamen
1142 3728 1215 3770 cum
1243 3707 1420 3771 indicativo
1449 3708 1655 3792 conjunctam
1684 3705 1832 3781 inveniri,
1861 3703 2000 3768 dubitari
2024 3715 2140 3791 potest,

401 3849 479 3890 num
503 3825 579 3890 dum
602 3827 759 3914 particula
774 3851 812 3892 ea
826 3829 969 3906 notione,
987 3827 1027 3892 de
1044 3851 1108 3915 qua
1122 3852 1207 3894 nunc
1224 3830 1351 3907 dicitur,
1369 3852 1443 3893 cum
1459 3829 1668 3913 conjunctivo
1685 3827 1908 3914 conjungetur.
1949 3825 2025 3906 Quae
2042 3848 2141 3914 quum

401 3949 447 4013 ita
469 3949 543 4026 sint,
567 3962 674 4013 tamen
697 3964 777 4037 puto
801 3950 878 4016 dum
901 3951 1090 4038 perticulam
1114 3951 1175 4016 hac
1198 3975 1327 4040 quoque
1351 3953 1483 4017 notione
1506 3951 1670 4017 interdum
1693 3973 1766 4014 cum
1790 3949 2000 4033 conjunctivo
2016 3947 2140 4024 sociari,

401 4071 435 4135 id
471 4071 559 4160 quod
591 4095 650 4137 nos
683 4072 779 4136 docet
810 4073 928 4138 Holtne
941 4073 978 4158 ²),
1013 4097 1202 4162 quamquam
1232 4099 1249 4138 e
1278 4074 1396 4138 fabulis
1422 4073 1624 4139 Terentianis
1653 4073 1778 4137 nullum
1807 4073 1916 4137 attulit
1944 4069 2139 4157 exemplum.

402 4193 502 4278 Cujus
525 4218 601 4259 usus
624 4194 721 4259 credo
744 4219 843 4260 unum
868 4196 1054 4285 exemplum
1078 4197 1184 4262 afferri
1207 4220 1312 4285 posse,
1337 4195 1425 4284 quod
1448 4196 1611 4260 invenitur
1634 4195 1755 4259 Heaut:
1782 4195 1868 4259 1058
1885 4195 1950 4258 ltoec
1965 4195 2041 4256 dum
2057 4194 2140 4256 inci-

398 4319 481 4402 pies,
503 4320 618 4402 provio
640 4329 722 4394 eunt,
747 4319 884 4405 dumque
906 4322 1041 4404 ipnores.
1088 4319 1288 4406 Quamquam
1310 4342 1377 4383 non
1400 4320 1514 4406 ignoro
1539 4318 1615 4382 dum
1631 4317 1821 4405 perticulam
1836 4315 1899 4379 hoc
1915 4315 1988 4379 loco
2004 4315 2139 4379 fortusse

399 4439 445 4502 ite
467 4439 623 4527 explicari
646 4463 750 4528 posse,
774 4453 811 4505 ut
834 4464 904 4505 eam
926 4443 1092 4507 notionem
1115 4441 1232 4506 habere
1256 4442 1412 4519 videatur,
1437 4441 1477 4504 de
1502 4465 1565 4530 qua
1587 4464 1663 4506 mox
1683 4439 1769 4504 inira
1784 4437 1919 4516 dicetur,
1935 4450 2043 4501 tamen
2059 4449 2138 4524 puto

397 4562 487 4626 illem
510 4561 820 4650 interpretationem,
844 4585 940 4650 quem
965 4565 1069 4643 attuli,
1093 4563 1263 4652 approbari
1285 4587 1390 4652 posse.

502 4766 522 4832 ¹)
541 4769 581 4819 De
599 4767 653 4820 uec
671 4785 702 4820 re
720 4771 792 4832 ride,
811 4785 872 4835 ques
889 4772 960 4821 uren
977 4771 1096 4834 iladvig.
1115 4771 1293 4823 Letelulsche
1312 4773 1505 4836 Spreehlehre,
1524 4770 1740 4833 Braunechwetg
1758 4763 1825 4818 1644
1841 4780 1868 4831 p.
1886 4763 1945 4820 296.
1978 4768 1983 4783 '

499 4868 522 4932 ²)
540 4871 648 4928 Botere,
672 4870 802 4936 syntaxis
824 4874 976 4936 priscorum
999 4875 1163 4937 scriptorum
1186 4875 1347 4926 Latinarum
1371 4887 1458 4937 usque
1477 4873 1699 4932 atterentium,
1718 4871 1790 4934 [ιρι.
1810 4865 1884 4931 1862,
1902 4871 1957 4920 rol.
1977 4871 2015 4932 11,
2033 4885 2059 4935 p.
2079 4865 2139 4920 181.

396 4971 482 5036 Cuius
500 4985 565 5022 nens
584 4973 635 5022 hoe
654 4973 751 5023 attultt
768 4974 939 5038 exemplum
959 4974 1029 5024 (teto
1047 4974 1076 5024 B.
1095 4974 1125 5025 B.
1142 4988 1167 5024 o.
1185 4971 1220 5025 76
1236 4979 1353 5042 aperito,
1371 4975 1434 5024 dan
1452 4975 1599 5038 impietas.
