4752 5724
1076 1369 1109 1452 Ι.

330 1569 495 1678 Cogitanti
519 1571 608 1650 mihi,
634 1596 702 1658 quae
727 1573 894 1660 qualisque
919 1573 960 1638 sit
982 1573 1079 1658 hujus
1102 1575 1265 1661 particulae
1286 1574 1388 1662 prima
1403 1575 1504 1662 origo,
1527 1574 1725 1640 Richardson
1741 1587 1828 1640 recte
1846 1575 1963 1642 docere

224 1693 362 1771 videtur,
387 1718 485 1780 qaum
509 1695 542 1758 in
567 1694 649 1759 libro
672 1719 766 1783 supra
789 1696 918 1761 laudato
942 1697 1023 1761 dicit
1046 1696 1123 1762 dum
1146 1696 1333 1784 particulam
1358 1719 1375 1760 e
1399 1695 1505 1760 radice
1530 1695 1743 1782 pronominali
1762 1717 1831 1760 esse
1850 1706 1962 1760 ortam.

226 1817 302 1895 Quae
325 1840 424 1902 quum
447 1817 493 1880 ita
515 1818 588 1896 sint,
614 1841 655 1882 ex
679 1841 717 1882 ao
741 1842 892 1906 apparere
916 1819 1045 1884 videtur
1067 1818 1256 1907 particulam
1271 1819 1361 1882 illam
1377 1818 1526 1906 primaria
1540 1816 1672 1881 notione
1689 1817 1876 1882 adverbium
1893 1839 1961 1882 esse

223 1939 518 2004 demonstrativum.
567 1940 672 2020 Quum
696 1964 772 2004 vero
796 1964 907 2006 omnes
930 1942 999 2006 fere
1023 1942 1083 2006 viri
1107 1941 1284 2006 doctissimi
1308 1941 1511 2005 consentiant
1532 1940 1680 2004 notiones
1704 1939 1896 2026 temporales
1919 1963 1964 2004 ex

223 2061 379 2126 localibus
408 2063 539 2126 omnino
567 2086 635 2127 esse
664 2075 757 2140 ortas,
787 2087 828 2128 ex
857 2087 895 2127 eo
924 2064 1117 2130 concludere
1141 2064 1238 2130 liceat
1266 2064 1342 2129 dum
1366 2087 1494 2152 quoque
1518 2063 1707 2151 particulam
1731 2063 1962 2150 antiquissimis

224 2183 424 2270 temporibus
447 2185 585 2248 localem
609 2184 758 2250 habuisse
784 2185 1063 2272 significationem,
1088 2211 1105 2251 e
1130 2210 1193 2273 qua
1213 2199 1281 2252 orta
1296 2199 1345 2252 est
1359 2186 1449 2250 notio
1465 2185 1660 2273 temporalis,
1678 2207 1747 2271 quae
1766 2185 1863 2250 etiam
1878 2209 1963 2250 nunc

224 2305 311 2392 apud
335 2307 467 2371 Latinos
492 2308 662 2394 scriptores
685 2309 856 2373 invenitur.

330 2429 471 2494 Transeo
499 2429 599 2516 igitur
626 2429 665 2493 ad
694 2452 787 2494 usum
810 2430 1026 2496 adverbialem
1050 2430 1306 2509 describendum,
1332 2454 1396 2517 quo
1420 2430 1497 2494 dum
1520 2430 1678 2518 particula
1700 2428 1888 2494 adverbium
1913 2443 1964 2494 est

223 2551 508 2616 demonstrativum
543 2553 712 2639 temporali
735 2554 878 2617 notione.
925 2553 1069 2617 Primum
1097 2554 1228 2640 quidem
1257 2554 1406 2640 exempla
1433 2553 1650 2630 inveniuntur,
1679 2552 1713 2618 in
1742 2551 1858 2639 quibus
1886 2552 1963 2617 dum

225 2673 411 2738 adverbium
434 2697 492 2760 per
515 2698 548 2738 se
572 2687 750 2762 usurpatur.
798 2675 899 2760 Cujus
923 2698 998 2740 usus
1022 2699 1214 2763 quamquam
1230 2676 1315 2764 apud
1331 2677 1519 2742 Terentium
1535 2676 1660 2740 nullum
1676 2675 1839 2740 invenitur
1855 2697 1963 2739 exem·

223 2796 322 2882 plum,
352 2797 414 2860 hoc
442 2797 515 2860 loco
543 2797 677 2862 fortasse
706 2821 770 2861 non
800 2797 940 2861 alienum
965 2821 1033 2863 esse
1057 2799 1186 2864 videtur
1208 2799 1494 2864 commonefacere.
1542 2798 1643 2882 Cujus
1665 2820 1741 2862 treus
1765 2797 1963 2864 Richardaon

225 2919 285 2982 tria
308 2920 459 3007 exempla
481 2920 584 2998 affert,
610 2945 627 2984 e
652 2921 768 3006 quibus
792 2921 872 2984 mihi
896 2920 993 2986 liceat
1014 2945 1115 2987 unum
1138 2922 1251 2987 efferre
1276 2946 1293 2988 e
1317 2922 1495 2987 Mercatore
1519 2921 1668 2986 Plautina
1691 2921 1735 3004 (v.
1753 2920 1842 3002 348):
1861 2931 1965 2984 tantas

223 3065 293 3106 cum
322 3066 399 3106 eura
425 3055 521 3107 meost
550 3067 640 3107 error
667 3046 790 3107 antero:
818 3043 907 3106 Dum
934 3046 1017 3108 cerni
1043 3047 1105 3109 mei
1122 3045 1288 3132 perplacet
1311 3045 1391 3108 milti
1415 3045 1590 3120 consilium,
1613 3043 1703 3108 Dum
1726 3067 1853 3108 rursum
1877 3043 1963 3106 baud

220 3163 337 3250 placet,
362 3164 448 3250 quod
476 3164 674 3228 Richardson
701 3178 788 3230 recte
816 3166 1056 3254 interpretatur:
1092 3167 1168 3232 »Die
1195 3167 1300 3232 Weilc
1328 3167 1446 3254 gefallt
1473 3167 1533 3230 mir
1561 3166 1633 3230 sehr
1656 3165 1714 3231 der
1736 3166 1815 3230 Plan
1838 3165 1962 3232 moines

224 3285 374 3362 Sklaven,
399 3285 451 3350 die
475 3285 583 3349 Wcile
607 3285 727 3350 wieder
749 3288 864 3352 nicht».
910 3289 938 3352 E
962 3312 1025 3377 qua
1040 3291 1303 3378 interpretatione
1321 3301 1452 3377 apparet
1469 3289 1533 3352 duo
1548 3289 1692 3354 membra
1706 3287 1802 3374 hujus
1819 3288 1962 3375 exempli

223 3408 465 3472 enunciationcs
489 3409 683 3496 principales
707 3410 853 3493 ejusdem
876 3412 1031 3476 momenti
1055 3435 1091 3477 ac
1114 3412 1266 3500 ponderis
1291 3435 1358 3477 csse
1383 3425 1416 3476 et
1438 3411 1515 3475 dum
1530 3412 1720 3499 particulam
1736 3423 1870 3499 utroque
1886 3411 1960 3476 loco

223 3531 410 3596 adverbium
435 3555 503 3595 esse
527 3531 812 3597 demonstrativum
835 3535 1004 3622 temporali
1028 3535 1170 3614 notione,
1194 3535 1237 3618 ob
1260 3557 1395 3622 eamque
1419 3557 1488 3598 rem
1512 3557 1554 3598 ex
1577 3556 1616 3598 eo
1633 3534 1784 3621 exemplo
1800 3533 1896 3598 facile
1912 3533 1972 3615 ing

226 3652 324 3740 tilligi
352 3653 469 3740 potest',
499 3676 568 3740 quae
597 3654 763 3742 qualisque
792 3655 834 3719 sit
862 3679 900 3720 ea
927 3655 1057 3721 dicendi
1084 3657 1176 3736 ratio,
1201 3681 1295 3746 quam
1319 3669 1436 3722 vocant
1453 3659 1641 3744 paratoria.
1688 3659 1720 3720 A
1743 3679 1807 3743 qua
1829 3655 1960 3720 dicendi

224 3775 346 3839 ratione
375 3776 414 3840 ad
442 3777 624 3863 perfectum
648 3777 842 3862 bypotoceoa
864 3778 917 3841 vel
941 3778 1212 3844 subordinationis
1236 3792 1352 3843 statum
1375 3802 1441 3843 non
1463 3792 1552 3844 recta
1573 3779 1636 3856 via,
1659 3777 1716 3844 sed
1739 3801 1797 3866 per
1821 3778 1960 3844 correla-

225 3900 330 3974 tiones,
358 3922 428 3986 quae
455 3913 597 3976 vocatur,
626 3899 851 3964 condicionem
880 3901 1094 3986 pervenimus.
1142 3901 1243 3985 Cujus
1266 3901 1485 3966 correlationis
1508 3899 1706 3965 Richardson
1728 3899 1789 3964 tria
1812 3897 1961 3985 exempla

223 4020 368 4108 protulit,
398 4044 415 4084 e
444 4020 560 4109 quibus
588 4045 687 4086 unum
716 4021 846 4086 afferam
875 4047 917 4086 ex
944 4023 1071 4088 Catullo
1097 4023 1216 4106 (LXII,
1240 4048 1270 4087 v.
1296 4024 1363 4105 45):
1390 4025 1480 4108 sirpo
1504 4025 1579 4086 dum
1602 4025 1723 4086 intacto
1745 4033 1859 4098 maaet,
1885 4023 1960 4087 dum

224 4168 300 4209 coro
322 4145 387 4208 cuia
411 4155 464 4219 est,
489 4142 576 4230 quod
600 4143 797 4210 Richardeon
819 4157 906 4212 reete
929 4146 1171 4232 interpretatur:
1196 4145 1264 4211 »dic
1281 4145 1388 4210 Weile
1406 4145 1461 4209 das
1477 4145 1637 4210 Mttdchen
1653 4143 1831 4210 unbertihrt
1845 4143 1959 4224 bleibt,

224 4267 288 4332 Die
324 4266 421 4332 Weile
447 4266 490 4330 iat
518 4265 563 4329 sie
592 4265 655 4330 den
683 4267 810 4354 ihrigen
839 4267 929 4334 lieb».
976 4268 1014 4334 In
1043 4292 1106 4356 quo
1131 4269 1281 4356 exemplo
1304 4268 1461 4356 particula
1487 4266 1573 4354 prior
1595 4267 1762 4332 notionem
1784 4267 1960 4344 relativam,

224 4373 382 4460 posterior
414 4371 697 4437 demonstrativam
724 4371 830 4438 habet.
877 4377 909 4438 A
938 4397 1001 4462 qua
1028 4376 1247 4440 correlationis
1276 4374 1467 4438 condicione
1496 4374 1683 4461 pervenitur
1711 4373 1749 4437 ad
1778 4373 1959 4461 perfectum

224 4497 416 4583 hypotaeeos
444 4507 570 4574 statum,
600 4517 699 4582 quum
727 4496 814 4583 prior
841 4497 1024 4561 enunciatio
1048 4498 1117 4582 jam
1146 4497 1317 4581 subjuncta
1343 4520 1431 4562 suam
1460 4497 1648 4584 particulam
1672 4509 1838 4562 conservat
1865 4519 1959 4561 sensu

224 4618 367 4696 relativo,
396 4618 430 4682 in
457 4617 634 4705 posteriore
662 4629 770 4682 autem
798 4619 1032 4697 enunciatione,
1063 4643 1132 4706 quae
1155 4618 1283 4704 majoris
1309 4632 1358 4685 est
1380 4619 1535 4684 momenti
1559 4643 1595 4683 ac
1618 4618 1780 4707 ponderis,
1803 4619 1961 4708 particula

225 4738 324 4802 altera
339 4739 505 4817 omittitur,
523 4761 587 4826 quo
603 4739 725 4804 facturn
741 4752 791 4804 est
805 4752 842 4804 ut
858 4739 934 4804 dum
950 4741 1107 4828 particula
1122 4743 1276 4830 paulatim
1294 4744 1473 4829 conjunctio
1490 4741 1649 4808 evaderet.
1685 4742 1763 4807 Haec
1779 4766 1797 4806 e
1814 4741 1959 4806 disserta-

224 4861 312 4927 tione
346 4861 567 4927 Richardsonii
601 4862 769 4950 depromta
800 4863 902 4941 attuli,
936 4877 973 4930 ut
1004 4865 1218 4942 ostenderem,
1249 4888 1312 4952 qua
1338 4865 1392 4930 via
1419 4877 1452 4929 et
1479 4865 1602 4930 ratione
1626 4865 1818 4953 significatio
1847 4864 1958 4930 adver·

226 4984 320 5052 bialis
342 4983 439 5069 hujus
461 4985 625 5072 particulae
647 4985 681 5048 in
705 4985 974 5073 significationem
998 4988 1292 5073 conjunctionalem
1315 4989 1471 5055 trananet.
