4752 5724
460 383 479 446 6

522 555 596 620 dam
620 554 659 618 ad
684 556 834 642 exempla
855 568 991 633 transeo,
1015 557 1048 620 in
1073 557 1189 643 quibus
1212 555 1289 620 dum
1314 556 1470 642 particula
1494 580 1558 620 non
1581 557 1652 643 ipsa
1673 581 1731 643 per
1753 582 1787 621 se
1811 570 1989 644 usurpatur,
2006 557 2062 622 sed
2081 581 2154 622 oum

417 679 487 743 aliis
515 679 639 742 voculis
669 679 886 765 conjungitur,
918 693 1013 766 atque
1037 679 1069 742 id
1095 679 1225 766 quidem
1250 701 1332 764 saepe
1356 690 1421 741 tam
1445 691 1541 756 arcte,
1567 691 1603 742 ut
1625 703 1725 766 prope
1750 681 1900 744 enclitica
1922 681 1964 745 sit
1987 681 2152 768 particula.

417 801 488 880 Quo
512 824 570 866 usu
593 791 750 888 particula
772 825 854 888 saepe
878 804 1088 889 temporalem
1110 802 1287 878 notionem,
1311 824 1552 888 nonnumquam
1572 803 1667 867 etiam
1689 803 1970 869 demonstrativam
1990 805 2056 869 vim
2077 803 2151 868 reti·

416 947 491 988 nere
519 924 657 1000 videtur,
685 925 731 988 ita
757 937 794 988 ut
822 925 897 988 dum
926 926 1114 1012 particulam
1137 927 1181 988 od
1204 925 1285 986 banc
1310 926 1459 1011 temperas
1485 935 1651 990 terminum
1673 949 1780 1012 reaque,
1805 927 1908 990 aditae
1930 927 2029 991 latine
2053 927 2150 990 inter·

416 1047 532 1133 pretari
556 1047 723 1134 possimus.
769 1047 844 1112 <Iam
867 1048 995 1134 singula
1016 1048 1173 1112 vocabula
1194 1046 1410 1133 inspiciamus,
1437 1047 1627 1134 quibuscum
1651 1047 1728 1111 dum
1749 1049 1905 1136 particula
1924 1049 1970 1113 ita
1985 1048 2154 1134 conjungi·

417 1183 477 1234 tur.
525 1169 667 1233 Primum
696 1170 828 1257 quidem
856 1171 986 1234 afferam
1015 1171 1210 1257 exemplum,
1234 1169 1290 1232 ubi
1315 1168 1392 1232 dum
1416 1193 1489 1233 cum
1514 1173 1609 1234 etiam
1632 1171 1788 1258 particula
1811 1171 2019 1257 conjungitur
2041 1172 2095 1248 ita,
2119 1183 2155 1236 ut

416 1317 433 1355 e
458 1291 581 1356 duabus
603 1293 728 1356 voculis
752 1294 884 1358 exsistat
907 1294 996 1379 quani
1020 1316 1119 1356 unum
1142 1291 1275 1355 verbum
1300 1294 1397 1356 etiam
1423 1295 1508 1370 dum,
1533 1293 1620 1381 quod
1638 1305 1686 1357 est
1703 1294 1816 1371 adbuc,
1834 1295 1951 1359 Heaut.
1970 1297 2033 1358 229
2057 1318 2156 1380 neque

416 1417 510 1478 etiem
542 1417 617 1478 dum
644 1417 703 1478 ecit
726 1429 822 1502 pater
836 1415 872 1494 ¹).
919 1417 968 1480 lta
991 1440 1067 1480 vero
1092 1416 1167 1480 dum
1192 1439 1264 1479 cum
1289 1414 1441 1479 adverbio
1466 1419 1523 1501 qui
1544 1417 1775 1503 interrogativo
1799 1417 2016 1503 conjungitur,
2041 1430 2077 1482 ut
2101 1417 2155 1481 fiat

417 1540 473 1623 qui
504 1539 588 1615 dum,
617 1562 687 1624 quae
710 1539 831 1602 locutio
856 1539 980 1603 duobus
1004 1540 1084 1602 loeis
1108 1539 1204 1619 (Eun.
1231 1539 1305 1614 273,
1331 1537 1411 1601 Heo.
1437 1539 1515 1619 319)
1540 1539 1712 1603 invenitur.
1760 1542 1791 1602 A
1815 1563 1878 1626 quo
1903 1564 1961 1604 usu
1985 1564 2050 1603 non
2075 1541 2156 1603 mul·

416 1673 484 1724 tum
513 1661 622 1724 abesse
652 1659 782 1725 videtur
811 1685 848 1724 oa
871 1661 1002 1725 dicendi
1025 1662 1116 1737 ratio,
1141 1684 1239 1748 quum
1264 1659 1340 1723 dum
1364 1659 1521 1745 particula
1544 1682 1616 1723 cum
1640 1661 1764 1724 voculis
1789 1661 1979 1748 quibusdam
2002 1663 2048 1726 ita
2071 1686 2156 1725 com·

417 1783 556 1870 ponitur,
590 1797 628 1846 nt
654 1807 688 1846 re
716 1807 791 1847 vera
818 1807 917 1847 unum
946 1785 1062 1848 existat
1089 1784 1232 1860 verbum,
1261 1796 1356 1869 atque
1384 1781 1418 1845 id
1443 1781 1575 1867 quidem
1598 1783 1752 1868 singulari
1777 1797 1810 1847 et
1832 1807 1917 1847 nova
1939 1797 2033 1848 utens
2057 1785 2155 1870 signi-

419 1905 577 1969 ficatione.
618 1905 719 1983 Quale
742 1905 876 1969 verbum
900 1919 949 1970 est
971 1907 1140 1982 interdum,
1162 1905 1248 1992 quod
1269 1904 1354 1991 apud
1380 1903 1567 1968 Terentium
1587 1905 1689 1968 tribus
1711 1906 1789 1970 locis
1807 1907 1901 1985 (Hec.
1920 1909 1995 1984 307,
2013 1905 2155 1992 Adelph.

420 2026 494 2102 216,
522 2025 606 2090 Eun.
636 2025 715 2107 368)
744 2026 915 2090 invonitur.
964 2026 1065 2090 Aliud
1094 2040 1200 2091 autem
1228 2027 1362 2090 verbum
1391 2039 1439 2090 est
1468 2029 1597 2104 durium,
1627 2051 1722 2114 quam
1744 2029 1892 2092 voculam
1916 2028 2114 2093 Richardson
2140 2053 2157 2091 e

419 2147 646 2235 conduplicato
671 2147 747 2212 dum
772 2172 839 2212 ease
864 2162 965 2213 ortam
988 2163 1074 2214 recto
1099 2150 1204 2213 docet.
1245 2150 1441 2235 Quamquam
1465 2173 1530 2212 non
1555 2151 1643 2236 parvi
1665 2151 1820 2214 momenti
1836 2175 1904 2216 esse
1921 2151 2049 2215 videtur
2065 2175 2157 2216 aecu-

415 2271 513 2335 ratius
549 2272 698 2358 exempla
725 2272 895 2358 inquirere,
925 2272 980 2336 ubi
1009 2272 1091 2336 illud
1120 2272 1306 2336 adverbium
1330 2272 1503 2348 invenitur,
1527 2285 1633 2335 tamen
1659 2297 1695 2336 ea
1718 2287 1883 2360 praetereo,
1908 2275 2046 2360 primum
2071 2273 2155 2362 qnod

412 2396 502 2478 justo
528 2394 658 2480 longius
682 2417 700 2457 a
722 2395 887 2481 proposito
912 2396 1053 2459 aberrare
1077 2396 1163 2472 nole,
1188 2393 1305 2458 deinde
1331 2394 1417 2480 quod
1442 2394 1639 2458 Richardson
1663 2395 1704 2458 dc
1727 2395 1787 2459 hac
1810 2420 1843 2460 re
1868 2397 1942 2460 satis
1967 2397 2097 2484 copiose
2121 2421 2155 2460 ae

417 2516 596 2604 diligenter
623 2515 716 2580 dixit.

527 2638 654 2702 Deinde
683 2638 723 2703 ad
752 2640 902 2726 exempla
929 2653 1132 2716 transeamus,
1161 2639 1217 2702 ubi
1245 2638 1322 2702 dum
1351 2639 1506 2726 particula
1534 2663 1606 2702 cum
1634 2639 1739 2702 verbis
1763 2639 1954 2725 quibusdam
1977 2639 2158 2726 negationis

419 2762 641 2848 conjungitur.
689 2763 739 2825 Ita
762 2761 837 2825 dum
863 2763 1019 2848 particula
1042 2787 1114 2826 cum
1137 2763 1235 2826 verbo
1260 2762 1441 2848 negationis
1465 2786 1525 2824 non
1551 2762 1768 2848 conjungitur,
1793 2776 1829 2825 ut
1852 2787 1869 2824 e
1891 2762 2014 2825 duabus
2035 2762 2158 2825 voculis

419 2885 553 2948 exsistat
580 2883 669 2970 quasi
697 2907 796 2947 unum
820 2883 953 2946 verbum
976 2907 1039 2946 non
1063 2886 1147 2960 rinae,
1172 2895 1209 2946 ut
1231 2883 1333 2947 Andr.
1360 2886 1424 2947 340
1448 2907 1511 2948 non
1535 2886 1611 2946 dam
1635 2885 1699 2948 brec
1721 2887 1845 2948 rescivit
1870 2885 1964 2960 mola,
1989 2884 2067 2948 ibid.
2094 2885 2157 2947 659

420 3030 483 3070 noa
512 3009 587 3070 dum
614 3009 683 3070 acis.
731 3007 858 3070 Phorm.
890 3008 951 3069 147
981 3029 1044 3070 aaa
1068 3009 1142 3069 dum
1187 3006 1266 3071 ibid.
1291 3009 1355 3069 492
1380 3029 1443 3069 non
1468 3007 1542 3068 dum
1566 3005 1646 3069 mitt
1669 3009 1778 3071 eredis.
1826 3007 1987 3093 Exempla
2009 3030 2085 3070 vero
2109 3006 2158 3069 in·

419 3130 600 3206 veniuntur,
629 3129 663 3193 in
693 3128 809 3215 quibus
838 3153 910 3192 eum
939 3153 1002 3193 noa
1031 3131 1105 3192 dum
1132 3129 1256 3192 voculis
1285 3129 1492 3214 conjungitur
1523 3131 1618 3192 etiarn
1646 3129 1812 3214 particula,
1842 3143 1878 3193 ut
1901 3129 1981 3192 Hec.
2007 3131 2071 3192 745
2096 3153 2157 3192 non

422 3254 497 3315 dam
521 3254 615 3316 etiam
640 3253 710 3314 diei
732 3253 768 3314 id
788 3253 874 3336 quod
897 3251 991 3315 volui.
1016 3251 1095 3313 ibid.
1121 3253 1195 3314 192.
1221 3253 1300 3336 quid
1323 3253 1441 3335 eperint
1466 3253 1548 3314 inter
1569 3275 1601 3314 se
1623 3275 1687 3314 non
1711 3254 1785 3315 dum
1810 3254 1903 3314 etiam
1924 3253 1998 3314 acio.
2046 3253 2157 3334 Aque

424 3399 481 3438 usu
511 3398 548 3438 ea
576 3373 706 3437 dicendi
733 3374 814 3437 ratio
836 3397 902 3437 non
926 3375 1062 3436 multum
1086 3375 1195 3438 abesse
1218 3371 1356 3450 videtur,
1381 3396 1479 3459 quum
1505 3373 1580 3435 dum
1605 3372 1791 3436 adverbium
1815 3397 1888 3436 eum
1912 3399 1953 3436 ua
1976 3396 2039 3436 aea
2063 3371 2158 3458 parti·

421 3498 493 3561 cula
525 3497 754 3582 interrogativa
782 3497 998 3583 conjungitur,
1029 3497 1094 3560 sivo
1123 3499 1156 3560 in
1185 3496 1325 3582 obliquis
1353 3496 1420 3559 sive
1449 3496 1482 3558 in
1511 3497 1606 3558 rectis
1634 3496 1939 3582 interrogationibus
1968 3508 2016 3559 est
2044 3495 2158 3582 posita.

422 3621 457 3684 [n
493 3620 625 3706 obliqua
656 3619 906 3704 interrogatione
935 3643 976 3682 aa
1004 3643 1067 3682 non
1096 3621 1170 3682 dum
1193 3618 1315 3682 voculae
1338 3619 1547 3682 inveniuntur
1571 3619 1698 3682 Phorm.
1724 3620 1789 3681 445
1814 3621 1877 3682 vire
1899 3619 2068 3682 redieritne
2087 3619 2158 3703 jora

421 3767 472 3808 en·
482 3767 547 3817 ,non
573 3743 648 3805 dum
672 3744 808 3805 domam.
849 3742 886 3804 In
909 3741 1004 3804 rectis
1029 3753 1135 3804 autem
1158 3739 1462 3826 interrogationibus
1483 3740 1547 3804 illae
1562 3741 1685 3804 voculae
1702 3764 1941 3827 nonnumquam
1957 3755 2158 3827 usurpantur,

421 3873 516 3946 atque
545 3884 589 3923 eae
618 3860 749 3946 quidem
778 3884 851 3924 eum
879 3863 973 3924 etiarn
1002 3861 1157 3946 porticula
1180 3864 1369 3947 conjuncte,
1395 3875 1431 3926 ut
1455 3863 1556 3926 Andr.
1583 3865 1643 3926 291
1671 3887 1711 3925 aa
1735 3887 1798 3926 non
1822 3865 1897 3926 darn
1921 3867 2016 3928 etiarn
2039 3887 2077 3928 ne
2102 3863 2159 3926 boe

422 3985 559 4069 quidem,
583 3982 662 4046 ibid.
688 3983 750 4048 807
777 4007 818 4046 aa
839 4007 901 4047 non
924 3986 998 4047 dum
1015 3974 1129 4048 etiarn?
1166 3985 1311 4049 Eandem
1328 4009 1404 4050 vcro
1421 3987 1593 4050 lectionem
1610 3986 1801 4050 Fleckeisen
1819 3987 2004 4070 conjectura
2020 3999 2159 4050 statuen-

421 4107 495 4172 dam
523 4120 632 4171 eenset
660 4105 776 4170 Heaut.
803 4107 866 4170 596
891 4119 946 4170 out
970 4119 1013 4170 est
1038 4107 1097 4170 tibi
1119 4109 1205 4192 quod
1224 4109 1352 4194 placeat
1376 4131 1418 4170 aa
1442 4130 1504 4171 noa
1528 4107 1603 4168 dum
1627 4101 1741 4170 etiam?
1787 4105 1836 4169 Ita
1859 4118 1965 4169 autem
1989 4104 2066 4168 dum
2090 4125 2159 4190 par·

420 4230 519 4294 tieula
547 4253 619 4293 cum
647 4231 701 4292 aia
729 4227 880 4294 adverbio
909 4230 1117 4315 conjungitur
1145 4229 1272 4293 Phorm.
1303 4231 1367 4294 594
1396 4231 1449 4293 vir
1479 4231 1554 4292 dnm
1578 4229 1748 4291 dimidium
1773 4230 1926 4302 dicerem,
1951 4225 2159 4289 intellexerat.

400 4354 469 4426 ‚lta
491 4376 567 4417 vero
591 4352 668 4416 dum
692 4351 847 4437 particula
870 4375 943 4415 eum
966 4376 1004 4415 ae
1028 4352 1256 4436 conjunctione
1281 4352 1498 4438 conjungitur,
1523 4362 1559 4414 ut
1581 4349 1637 4412 fiat
1659 4351 1784 4424 nerium,
1809 4347 1894 4434 quod
1917 4370 1989 4410 cum
2007 4347 2157 4431 conjunc·

422 4476 488 4540 tivo
518 4475 727 4562 conjungitur
757 4473 874 4538 Heaut.
905 4475 969 4538 452
997 4487 1129 4561 satrapa
1156 4478 1184 4538 si
1205 4477 1263 4539 siet
1286 4486 1420 4550 amator,
1446 4497 1617 4558 numque-m
1640 4475 1773 4558 aufferre
1796 4473 1860 4532 eiua
1883 4481 2025 4556 saraptae
2049 4480 2159 4554 queat:

423 4600 535 4662 nedum
560 4610 593 4660 tu
612 4599 725 4684 possis.

427 4807 629 4815 ——-.-.---

526 4923 546 4984 ¹)
569 4925 702 4974 Varenum
723 4938 849 4974 numeros
869 4925 1010 4986 desumpal
1030 4939 1064 4972 ex
1084 4925 1209 4974 edltlona
1228 4923 1423 4984 Fleckeiaenti,
1442 4925 1554 4986 Laipatg
1573 4917 1646 4971 1871.
