4752 5724
498 445 539 508 18

448 618 574 704 pendia,
599 617 674 680 dam
697 615 749 680 illi
772 616 925 681 consulas.
973 614 1080 682 Semel
1103 625 1209 678 autem
1233 613 1280 691 fit,
1303 627 1341 680 ut
1363 615 1496 680 verbum
1520 637 1584 680 non
1608 615 1712 680 solum
1736 615 1770 680 in
1794 614 1952 701 primaria,
1966 615 2025 679 scd
2042 615 2138 680 stiam
2153 616 2188 680 in

452 739 641 805 secundaria
667 738 891 804 enunciatione
920 738 1094 815 omittatur,
1123 749 1160 800 ut
1182 736 1309 801 Phorm.
1336 737 1400 801 526
1425 740 1572 815 minume,
1597 740 1674 802 dum
1697 739 1835 815 obrem,
1860 737 1947 825 quod
1970 761 2028 825 per
2051 737 2188 803 brevilo-

454 861 618 949 quentiam
633 859 757 925 dictum
773 872 823 926 est
837 883 896 948 pro
910 862 1050 925 minume
1063 881 1113 923 ms
1122 861 1235 946 prodet,
1252 861 1329 924 dum
1345 861 1384 924 ob
1399 882 1465 924 rem
1480 863 1531 924 sit.
1566 859 1694 924 Deinde
1710 859 1911 926 afferendum
1928 873 1977 926 est
1992 861 2188 949 exemplum,

452 985 545 1070 cujus
568 984 603 1050 in
626 983 877 1048 demonstrativo
900 981 1044 1048 membro
1067 982 1187 1068 legitur
1210 981 1436 1067 conjunctivus
1459 983 1633 1069 presentis,
1658 995 1695 1047 ut
1716 981 1859 1069 Adelph.
1884 983 1950 1048 313
1967 985 2044 1048 sctis
2058 983 2139 1048 miti
2154 986 2191 1047 id

453 1106 585 1171 habeam
607 1106 757 1194 supplici,
783 1106 858 1168 dum
874 1105 948 1170 illos
963 1104 1099 1170 ulciscor
1113 1125 1181 1168 meo
1196 1105 1302 1182 modo,
1319 1104 1375 1169 ubi
1390 1104 1581 1170 Fleckeisen
1597 1105 1690 1170 metri
1707 1125 1801 1170 causa
1815 1117 1888 1170 ante
1904 1107 1999 1170 modo
2015 1105 2189 1171 ablativum

451 1252 520 1295 msc
535 1251 713 1316 pronomen
729 1226 905 1315 legendum
921 1250 989 1292 esse
1006 1239 1129 1305 censet;
1146 1227 1239 1292 aliter
1250 1239 1357 1292 autern
1369 1227 1456 1292 hunc
1467 1228 1576 1292 locum
1589 1227 1825 1293 emendandum
1838 1251 1906 1293 esse
1919 1240 2012 1316 putat
2021 1228 2189 1305 Daiatzko‚

452 1351 492 1416 de
521 1374 584 1438 que
610 1375 645 1415 re
670 1350 759 1416 'dixit
786 1351 807 1415 l.
837 1373 864 1414 c.
894 1373 925 1437 p.
957 1351 1031 1415 102.
1077 1348 1152 1414 Uno
1180 1361 1289 1414 autem
1315 1350 1389 1415 loco
1417 1351 1600 1415 enunciatio
1629 1373 1687 1437 per
1714 1350 1792 1414 dum
1819 1351 2009 1439 perticulam
2038 1352 2121 1416 elata
2149 1350 2189 1415 ad

453 1473 710 1538 enunciationem
734 1472 981 1560 comparativam
1003 1472 1141 1538 refertur
1163 1471 1305 1560 Adelph.
1332 1473 1396 1537 223
1421 1475 1513 1560 quusi
1530 1474 1602 1558 jam
1625 1495 1761 1560 usquam
1784 1474 1844 1538 tibi
1864 1476 1928 1538 siat
1950 1476 2066 1560 uiginti
2085 1476 2189 1550 minc,

454 1597 530 1660 dum
554 1596 627 1660 duic
650 1597 831 1682 obsequere,
855 1594 895 1659 de
920 1615 983 1682 quo
1006 1595 1080 1660 loco
1103 1594 1305 1660 emendando
1329 1595 1378 1660 cfr
1402 1615 1471 1682 quae
1495 1594 1576 1660 dicit
1597 1595 1753 1660 Dzietzko
1777 1597 1822 1682 (p.
1849 1595 1937 1678 100).

559 1717 647 1782 Adn.
673 1719 702 1781 1.
748 1717 998 1805 Nonnumquam
1031 1717 1077 1795 fit,
1111 1730 1148 1783 ut
1179 1718 1338 1782 sententia
1369 1741 1428 1805 per
1460 1717 1538 1781 dum
1565 1718 1755 1805 particulam
1784 1719 1867 1783 eluta
1894 1718 2021 1806 plenius
2051 1717 2190 1804 exprimi

452 1841 554 1929 possit
580 1839 691 1906 addito
718 1837 876 1904 vocabulo
903 1842 998 1904 modo
1025 1841 1079 1917 ito,
1108 1852 1145 1905 ut
1171 1852 1227 1905 aut
1249 1863 1266 1905 e
1290 1840 1413 1905 duabus
1436 1840 1560 1905 voculis
1585 1841 1717 1906 exsistat
1740 1861 1839 1905 unum
1862 1841 1996 1905 verbum
2019 1842 2190 1904 dummodo

452 1976 508 2028 aut
534 1962 599 2027 illae
627 1963 751 2026 vocula
778 1962 849 2027 aliis
876 1962 983 2027 verbis
1010 1962 1207 2049 interpositis
1235 1985 1293 2049 per
1320 1963 1436 2027 tmesin
1460 1962 1628 2050 separatim
1652 1965 1729 2027 dam
1752 1999 1794 2053 -7
1818 1965 1912 2027 modo
1935 1974 2104 2050 ponentur.
2151 1963 2191 2026 In

452 2084 555 2149 tribus
578 2082 747 2172 exemplis,
772 2105 842 2171 quae
865 2083 951 2174 apud
974 2084 1162 2149 Terentium
1184 2084 1401 2161 inveniuntur,
1426 2107 1552 2171 semper
1574 2085 1638 2148 illoe
1661 2085 1784 2149 voculae
1807 2108 1865 2172 per
1888 2085 2004 2149 tmesin
2020 2085 2191 2173 seperatim

451 2207 661 2284 collocantur,
687 2218 723 2271 ut
744 2205 828 2270 uun.
853 2207 919 2271 320
943 2227 1012 2271 mea
1034 2207 1082 2270 m'l
1103 2230 1138 2269 rc
1156 2207 1237 2293 fert,
1262 2208 1338 2269 dum
1356 2209 1469 2292 potiar
1491 2208 1595 2271 modo.
1643 2206 1760 2271 Heaut.
1784 2206 1849 2271 465
1874 2209 2032 2271 decretum
2048 2217 2092 2270 cat
2103 2208 2189 2292 pati,

451 2331 530 2392 dum
556 2328 649 2393 illum
677 2330 771 2394 modo
796 2329 927 2394 labeum
950 2349 1080 2394 mecum.
1104 2328 1184 2393 ibid.
1210 2329 1271 2392 641
1298 2330 1424 2415 quiduis
1447 2330 1524 2392 sotis
1548 2339 1601 2404 cst,
1627 2331 1702 2391 dum
1725 2331 1810 2392 vivat
1833 2331 1937 2393 modo.
1985 2329 2059 2394 Uno
2083 2341 2188 2392 autem

450 2450 524 2516 loco
548 2451 625 2515 dum
649 2451 805 2538 particula
829 2452 945 2516 omissa
966 2453 1061 2516 modo
1085 2451 1271 2536 conjunctio
1295 2451 1363 2515 sola
1386 2451 1517 2536 ponitur
1539 2451 1622 2513 Eun.
1648 2452 1712 2516 889
1737 2451 1818 2516 volet
1842 2488 1883 2497 -—
1908 2453 1983 2515 civis
2008 2453 2102 2515 modo
2126 2450 2191 2513 dccc

450 2576 502 2639 sit.
549 2574 692 2654 Quorum
721 2575 945 2662 exemplorum
972 2574 1006 2638 in
1035 2573 1284 2639 demonstrativo
1313 2573 1456 2638 membro
1485 2572 1607 2659 ubique
1635 2573 1768 2637 verbum
1791 2575 1825 2638 in
1848 2573 2025 2638 indicativo
2048 2573 2191 2660 positum

451 2696 624 2761 invenitur.

559 2818 645 2882 Adn.
671 2821 701 2882 2.
749 2818 821 2882 Hoc
844 2817 916 2882 loco
940 2841 1004 2882 non
1028 2817 1167 2882 alienum
1192 2818 1252 2882 erit
1275 2817 1537 2894 animadvertere,
1562 2817 1589 2881 si
1612 2817 1742 2903 negatio
1766 2817 1948 2904 opponitur,
1965 2817 2047 2881 hanc
2064 2839 2191 2903 semper

453 2963 521 3006 ease
555 2962 602 3004 ne.
650 2939 720 3019 Qua
750 2940 922 3027 negatione
955 2938 1065 3004 addita
1096 2939 1294 3026 significatur
1326 2939 1465 3027 aliquam
1499 2941 1690 3004 sententiam
1718 2942 1802 3004 ultre
1829 2940 1988 3026 quendam
2017 2940 2190 3004 terminum

451 3061 585 3128 extendi
609 3085 674 3126 non
697 3083 800 3149 posse.
848 3061 949 3146 Cujus
972 3080 1048 3126 usus
1072 3061 1136 3127 duo
1161 3073 1289 3126 exstant
1311 3063 1469 3148 exempla.
1518 3062 1660 3126 Primum
1685 3061 1817 3149 quidem
1841 3063 1970 3126 efferam
1992 3063 2187 3150 exemplum,

453 3185 547 3269 cujus
574 3185 607 3248 in
636 3183 785 3270 primorie
812 3183 1036 3248 enunciationc
1065 3183 1185 3270 legitur
1212 3184 1406 3249 indicativus
1428 3185 1593 3272 proesentis
1616 3184 1719 3248 Andr.
1745 3185 1809 3248 902
1834 3186 1960 3270 quidvis
1984 3185 2089 3269 cupio,
2113 3183 2188 3246 dum

452 3330 490 3371 ne
518 3307 558 3370 od
587 3305 645 3371 hoc
672 3328 722 3371 ms
743 3305 827 3394 fulli
854 3307 1041 3393 comperior.
1087 3304 1215 3370 Deinde
1244 3307 1430 3394 exemplum
1458 3305 1658 3371 efferendum
1683 3319 1741 3385 est,
1765 3307 1859 3392 cujus
1881 3308 1915 3371 in
1939 3303 2186 3371 demonstrativo

453 3428 595 3493 membro
624 3429 744 3516 legitur
772 3428 997 3512 conjunctivus
1025 3429 1227 3493 concessivus
1255 3429 1336 3493 Hcc.
1362 3430 1426 3494 634
1451 3431 1527 3492 dum
1549 3452 1588 3492 ns
1611 3430 1800 3493 redducam:
1825 3429 1949 3492 turbent
1967 3449 2069 3515 porro
2092 3445 2182 3511 quam

453 3550 558 3615 velint.
